%YAML 1.1
%TAG !u! tag:unity3d.com,2011:
--- !u!29 &1
OcclusionCullingSettings:
  m_ObjectHideFlags: 0
  serializedVersion: 2
  m_OcclusionBakeSettings:
    smallestOccluder: 5
    smallestHole: 0.25
    backfaceThreshold: 100
  m_SceneGUID: 00000000000000000000000000000000
  m_OcclusionCullingData: {fileID: 0}
--- !u!104 &2
RenderSettings:
  m_ObjectHideFlags: 0
  serializedVersion: 9
  m_Fog: 0
  m_FogColor: {r: 0.5, g: 0.5, b: 0.5, a: 1}
  m_FogMode: 3
  m_FogDensity: 0.01
  m_LinearFogStart: 0
  m_LinearFogEnd: 300
  m_AmbientSkyColor: {r: 0.212, g: 0.227, b: 0.259, a: 1}
  m_AmbientEquatorColor: {r: 0.114, g: 0.125, b: 0.133, a: 1}
  m_AmbientGroundColor: {r: 0.047, g: 0.043, b: 0.035, a: 1}
  m_AmbientIntensity: 1
  m_AmbientMode: 0
  m_SubtractiveShadowColor: {r: 0.42, g: 0.478, b: 0.627, a: 1}
  m_SkyboxMaterial: {fileID: 10304, guid: 0000000000000000f000000000000000, type: 0}
  m_HaloStrength: 0.5
  m_FlareStrength: 1
  m_FlareFadeSpeed: 3
  m_HaloTexture: {fileID: 0}
  m_SpotCookie: {fileID: 10001, guid: 0000000000000000e000000000000000, type: 0}
  m_DefaultReflectionMode: 0
  m_DefaultReflectionResolution: 128
  m_ReflectionBounces: 1
  m_ReflectionIntensity: 1
  m_CustomReflection: {fileID: 0}
  m_Sun: {fileID: 0}
  m_IndirectSpecularColor: {r: 0.18028378, g: 0.22571412, b: 0.30692285, a: 1}
  m_UseRadianceAmbientProbe: 0
--- !u!157 &3
LightmapSettings:
  m_ObjectHideFlags: 0
  serializedVersion: 12
  m_GIWorkflowMode: 1
  m_GISettings:
    serializedVersion: 2
    m_BounceScale: 1
    m_IndirectOutputScale: 1
    m_AlbedoBoost: 1
    m_EnvironmentLightingMode: 0
    m_EnableBakedLightmaps: 1
    m_EnableRealtimeLightmaps: 0
  m_LightmapEditorSettings:
    serializedVersion: 12
    m_Resolution: 2
    m_BakeResolution: 40
    m_AtlasSize: 1024
    m_AO: 0
    m_AOMaxDistance: 1
    m_CompAOExponent: 1
    m_CompAOExponentDirect: 0
    m_ExtractAmbientOcclusion: 0
    m_Padding: 2
    m_LightmapParameters: {fileID: 0}
    m_LightmapsBakeMode: 1
    m_TextureCompression: 1
    m_FinalGather: 0
    m_FinalGatherFiltering: 1
    m_FinalGatherRayCount: 256
    m_ReflectionCompression: 2
    m_MixedBakeMode: 2
    m_BakeBackend: 1
    m_PVRSampling: 1
    m_PVRDirectSampleCount: 32
    m_PVRSampleCount: 512
    m_PVRBounces: 2
    m_PVREnvironmentSampleCount: 256
    m_PVREnvironmentReferencePointCount: 2048
    m_PVRFilteringMode: 1
    m_PVRDenoiserTypeDirect: 1
    m_PVRDenoiserTypeIndirect: 1
    m_PVRDenoiserTypeAO: 1
    m_PVRFilterTypeDirect: 0
    m_PVRFilterTypeIndirect: 0
    m_PVRFilterTypeAO: 0
    m_PVREnvironmentMIS: 1
    m_PVRCulling: 1
    m_PVRFilteringGaussRadiusDirect: 1
    m_PVRFilteringGaussRadiusIndirect: 5
    m_PVRFilteringGaussRadiusAO: 2
    m_PVRFilteringAtrousPositionSigmaDirect: 0.5
    m_PVRFilteringAtrousPositionSigmaIndirect: 2
    m_PVRFilteringAtrousPositionSigmaAO: 1
    m_ExportTrainingData: 0
    m_TrainingDataDestination: TrainingData
    m_LightProbeSampleCountMultiplier: 4
  m_LightingDataAsset: {fileID: 0}
  m_LightingSettings: {fileID: 1460887677}
--- !u!196 &4
NavMeshSettings:
  serializedVersion: 2
  m_ObjectHideFlags: 0
  m_BuildSettings:
    serializedVersion: 3
    agentTypeID: 0
    agentRadius: 0.5
    agentHeight: 2
    agentSlope: 45
    agentClimb: 0.4
    ledgeDropHeight: 0
    maxJumpAcrossDistance: 0
    minRegionArea: 2
    manualCellSize: 0
    cellSize: 0.16666667
    manualTileSize: 0
    tileSize: 256
    buildHeightMesh: 0
    maxJobWorkers: 0
    preserveTilesOutsideBounds: 0
    debug:
      m_Flags: 0
  m_NavMeshData: {fileID: 0}
--- !u!1 &47342033 stripped
GameObject:
  m_CorrespondingSourceObject: {fileID: 4567733678745433417, guid: 9b1a80b8e4b7a30409d13bcd1d989ecc,
    type: 3}
  m_PrefabInstance: {fileID: 5157530964754620097}
  m_PrefabAsset: {fileID: 0}
--- !u!114 &113638234 stripped
MonoBehaviour:
  m_CorrespondingSourceObject: {fileID: 6219544028256035365, guid: 2fe7408dac0bfcf49900ec450abc7295,
    type: 3}
  m_PrefabInstance: {fileID: 3164582199505949840}
  m_PrefabAsset: {fileID: 0}
  m_GameObject: {fileID: 0}
  m_Enabled: 1
  m_EditorHideFlags: 0
  m_Script: {fileID: 11500000, guid: 00605ddc6808ffe4ab63714b1c480c21, type: 3}
  m_Name: 
  m_EditorClassIdentifier: 
--- !u!1 &410087039
GameObject:
  m_ObjectHideFlags: 0
  m_CorrespondingSourceObject: {fileID: 0}
  m_PrefabInstance: {fileID: 0}
  m_PrefabAsset: {fileID: 0}
  serializedVersion: 6
  m_Component:
  - component: {fileID: 410087041}
  - component: {fileID: 410087040}
  - component: {fileID: 410087042}
  m_Layer: 0
  m_Name: Directional Light
  m_TagString: Untagged
  m_Icon: {fileID: 0}
  m_NavMeshLayer: 0
  m_StaticEditorFlags: 0
  m_IsActive: 1
--- !u!108 &410087040
Light:
  m_ObjectHideFlags: 0
  m_CorrespondingSourceObject: {fileID: 0}
  m_PrefabInstance: {fileID: 0}
  m_PrefabAsset: {fileID: 0}
  m_GameObject: {fileID: 410087039}
  m_Enabled: 1
  serializedVersion: 10
  m_Type: 1
  m_Shape: 0
  m_Color: {r: 1, g: 1, b: 1, a: 1}
  m_Intensity: 2
  m_Range: 10
  m_SpotAngle: 30
  m_InnerSpotAngle: 21.80208
  m_CookieSize: 10
  m_Shadows:
    m_Type: 2
    m_Resolution: -1
    m_CustomResolution: -1
    m_Strength: 1
    m_Bias: 0.05
    m_NormalBias: 0.4
    m_NearPlane: 0.2
    m_CullingMatrixOverride:
      e00: 1
      e01: 0
      e02: 0
      e03: 0
      e10: 0
      e11: 1
      e12: 0
      e13: 0
      e20: 0
      e21: 0
      e22: 1
      e23: 0
      e30: 0
      e31: 0
      e32: 0
      e33: 1
    m_UseCullingMatrixOverride: 0
  m_Cookie: {fileID: 0}
  m_DrawHalo: 0
  m_Flare: {fileID: 0}
  m_RenderMode: 0
  m_CullingMask:
    serializedVersion: 2
    m_Bits: 4294967295
  m_RenderingLayerMask: 1
  m_Lightmapping: 4
  m_LightShadowCasterMode: 0
  m_AreaSize: {x: 1, y: 1}
  m_BounceIntensity: 1
  m_ColorTemperature: 5000
  m_UseColorTemperature: 1
  m_BoundingSphereOverride: {x: 0, y: 0, z: 0, w: 0}
  m_UseBoundingSphereOverride: 0
  m_UseViewFrustumForShadowCasterCull: 1
  m_ShadowRadius: 0
  m_ShadowAngle: 0
--- !u!4 &410087041
Transform:
  m_ObjectHideFlags: 0
  m_CorrespondingSourceObject: {fileID: 0}
  m_PrefabInstance: {fileID: 0}
  m_PrefabAsset: {fileID: 0}
  m_GameObject: {fileID: 410087039}
  serializedVersion: 2
  m_LocalRotation: {x: 0.40821788, y: -0.23456968, z: 0.10938163, w: 0.8754261}
  m_LocalPosition: {x: 3.319, y: 5.064, z: 0}
  m_LocalScale: {x: 1, y: 1, z: 1}
  m_ConstrainProportionsScale: 0
  m_Children: []
  m_Father: {fileID: 0}
  m_LocalEulerAnglesHint: {x: 50, y: -30, z: 0}
--- !u!114 &410087042
MonoBehaviour:
  m_ObjectHideFlags: 0
  m_CorrespondingSourceObject: {fileID: 0}
  m_PrefabInstance: {fileID: 0}
  m_PrefabAsset: {fileID: 0}
  m_GameObject: {fileID: 410087039}
  m_Enabled: 1
  m_EditorHideFlags: 0
  m_Script: {fileID: 11500000, guid: 474bcb49853aa07438625e644c072ee6, type: 3}
  m_Name: 
  m_EditorClassIdentifier: 
  m_Version: 3
  m_UsePipelineSettings: 1
  m_AdditionalLightsShadowResolutionTier: 2
  m_LightLayerMask: 1
  m_RenderingLayers: 1
  m_CustomShadowLayers: 0
  m_ShadowLayerMask: 1
  m_ShadowRenderingLayers: 1
  m_LightCookieSize: {x: 1, y: 1}
  m_LightCookieOffset: {x: 0, y: 0}
  m_SoftShadowQuality: 1
--- !u!1001 &644507432
PrefabInstance:
  m_ObjectHideFlags: 0
  serializedVersion: 2
  m_Modification:
    serializedVersion: 3
    m_TransformParent: {fileID: 795678743}
    m_Modifications:
    - target: {fileID: 6660922402964503352, guid: 2771adcdcabe8864986956b0fede61b6,
        type: 3}
      propertyPath: m_LocalScale.x
      value: 1.6711676
      objectReference: {fileID: 0}
    - target: {fileID: 6660922402964503352, guid: 2771adcdcabe8864986956b0fede61b6,
        type: 3}
      propertyPath: m_LocalScale.y
      value: 0.64301
      objectReference: {fileID: 0}
    - target: {fileID: 6660922402964503352, guid: 2771adcdcabe8864986956b0fede61b6,
        type: 3}
      propertyPath: m_LocalPosition.x
      value: 10.67
      objectReference: {fileID: 0}
    - target: {fileID: 6660922402964503352, guid: 2771adcdcabe8864986956b0fede61b6,
        type: 3}
      propertyPath: m_LocalPosition.y
      value: 37.4
      objectReference: {fileID: 0}
    - target: {fileID: 6660922402964503352, guid: 2771adcdcabe8864986956b0fede61b6,
        type: 3}
      propertyPath: m_LocalPosition.z
      value: 135.01816
      objectReference: {fileID: 0}
    - target: {fileID: 6660922402964503352, guid: 2771adcdcabe8864986956b0fede61b6,
        type: 3}
      propertyPath: m_LocalRotation.w
      value: 1
      objectReference: {fileID: 0}
    - target: {fileID: 6660922402964503352, guid: 2771adcdcabe8864986956b0fede61b6,
        type: 3}
      propertyPath: m_LocalRotation.x
      value: -0
      objectReference: {fileID: 0}
    - target: {fileID: 6660922402964503352, guid: 2771adcdcabe8864986956b0fede61b6,
        type: 3}
      propertyPath: m_LocalRotation.y
      value: -0
      objectReference: {fileID: 0}
    - target: {fileID: 6660922402964503352, guid: 2771adcdcabe8864986956b0fede61b6,
        type: 3}
      propertyPath: m_LocalRotation.z
      value: -0
      objectReference: {fileID: 0}
    - target: {fileID: 6660922402964503352, guid: 2771adcdcabe8864986956b0fede61b6,
        type: 3}
      propertyPath: m_LocalEulerAnglesHint.x
      value: 0
      objectReference: {fileID: 0}
    - target: {fileID: 6660922402964503352, guid: 2771adcdcabe8864986956b0fede61b6,
        type: 3}
      propertyPath: m_LocalEulerAnglesHint.y
      value: 0
      objectReference: {fileID: 0}
    - target: {fileID: 6660922402964503352, guid: 2771adcdcabe8864986956b0fede61b6,
        type: 3}
      propertyPath: m_LocalEulerAnglesHint.z
      value: 0
      objectReference: {fileID: 0}
    - target: {fileID: 8327908150844775439, guid: 2771adcdcabe8864986956b0fede61b6,
        type: 3}
      propertyPath: m_Name
      value: lvl wall 1 (3)
      objectReference: {fileID: 0}
    m_RemovedComponents: []
    m_RemovedGameObjects: []
    m_AddedGameObjects: []
    m_AddedComponents: []
  m_SourcePrefab: {fileID: 100100000, guid: 2771adcdcabe8864986956b0fede61b6, type: 3}
--- !u!4 &644507433 stripped
Transform:
  m_CorrespondingSourceObject: {fileID: 6660922402964503352, guid: 2771adcdcabe8864986956b0fede61b6,
    type: 3}
  m_PrefabInstance: {fileID: 644507432}
  m_PrefabAsset: {fileID: 0}
--- !u!20 &769844792 stripped
Camera:
  m_CorrespondingSourceObject: {fileID: 1128139126194085718, guid: fbd0dc4da14cea24a83fe700c0808cba,
    type: 3}
  m_PrefabInstance: {fileID: 330220092075152490}
  m_PrefabAsset: {fileID: 0}
--- !u!1 &795678742
GameObject:
  m_ObjectHideFlags: 0
  m_CorrespondingSourceObject: {fileID: 0}
  m_PrefabInstance: {fileID: 0}
  m_PrefabAsset: {fileID: 0}
  serializedVersion: 6
  m_Component:
  - component: {fileID: 795678743}
  m_Layer: 0
  m_Name: LEVEL
  m_TagString: Untagged
  m_Icon: {fileID: 0}
  m_NavMeshLayer: 0
  m_StaticEditorFlags: 0
  m_IsActive: 1
--- !u!4 &795678743
Transform:
  m_ObjectHideFlags: 0
  m_CorrespondingSourceObject: {fileID: 0}
  m_PrefabInstance: {fileID: 0}
  m_PrefabAsset: {fileID: 0}
  m_GameObject: {fileID: 795678742}
  serializedVersion: 2
  m_LocalRotation: {x: 0, y: 0, z: 0, w: 1}
  m_LocalPosition: {x: 14.284254, y: 36.996494, z: -137.5}
  m_LocalScale: {x: 1, y: 1, z: 1}
  m_ConstrainProportionsScale: 0
  m_Children:
  - {fileID: 1361488216}
  - {fileID: 1017455778}
  - {fileID: 1224952207}
  - {fileID: 1216792188}
  - {fileID: 1003148423}
  - {fileID: 644507433}
  m_Father: {fileID: 0}
  m_LocalEulerAnglesHint: {x: 0, y: 0, z: 0}
--- !u!1001 &843067733
PrefabInstance:
  m_ObjectHideFlags: 0
  serializedVersion: 2
  m_Modification:
    serializedVersion: 3
    m_TransformParent: {fileID: 0}
    m_Modifications:
    - target: {fileID: 4934978849457815170, guid: 0842e15ced33911489146f0c66149395,
        type: 3}
      propertyPath: m_Pivot.x
      value: 0
      objectReference: {fileID: 0}
    - target: {fileID: 4934978849457815170, guid: 0842e15ced33911489146f0c66149395,
        type: 3}
      propertyPath: m_Pivot.y
      value: 0
      objectReference: {fileID: 0}
    - target: {fileID: 4934978849457815170, guid: 0842e15ced33911489146f0c66149395,
        type: 3}
      propertyPath: m_AnchorMax.x
      value: 0
      objectReference: {fileID: 0}
    - target: {fileID: 4934978849457815170, guid: 0842e15ced33911489146f0c66149395,
        type: 3}
      propertyPath: m_AnchorMax.y
      value: 0
      objectReference: {fileID: 0}
    - target: {fileID: 4934978849457815170, guid: 0842e15ced33911489146f0c66149395,
        type: 3}
      propertyPath: m_AnchorMin.x
      value: 0
      objectReference: {fileID: 0}
    - target: {fileID: 4934978849457815170, guid: 0842e15ced33911489146f0c66149395,
        type: 3}
      propertyPath: m_AnchorMin.y
      value: 0
      objectReference: {fileID: 0}
    - target: {fileID: 4934978849457815170, guid: 0842e15ced33911489146f0c66149395,
        type: 3}
      propertyPath: m_SizeDelta.x
      value: 0
      objectReference: {fileID: 0}
    - target: {fileID: 4934978849457815170, guid: 0842e15ced33911489146f0c66149395,
        type: 3}
      propertyPath: m_SizeDelta.y
      value: 0
      objectReference: {fileID: 0}
    - target: {fileID: 4934978849457815170, guid: 0842e15ced33911489146f0c66149395,
        type: 3}
      propertyPath: m_LocalPosition.x
      value: 0
      objectReference: {fileID: 0}
    - target: {fileID: 4934978849457815170, guid: 0842e15ced33911489146f0c66149395,
        type: 3}
      propertyPath: m_LocalPosition.y
      value: 0
      objectReference: {fileID: 0}
    - target: {fileID: 4934978849457815170, guid: 0842e15ced33911489146f0c66149395,
        type: 3}
      propertyPath: m_LocalPosition.z
      value: 0
      objectReference: {fileID: 0}
    - target: {fileID: 4934978849457815170, guid: 0842e15ced33911489146f0c66149395,
        type: 3}
      propertyPath: m_LocalRotation.w
      value: 1
      objectReference: {fileID: 0}
    - target: {fileID: 4934978849457815170, guid: 0842e15ced33911489146f0c66149395,
        type: 3}
      propertyPath: m_LocalRotation.x
      value: 0
      objectReference: {fileID: 0}
    - target: {fileID: 4934978849457815170, guid: 0842e15ced33911489146f0c66149395,
        type: 3}
      propertyPath: m_LocalRotation.y
      value: 0
      objectReference: {fileID: 0}
    - target: {fileID: 4934978849457815170, guid: 0842e15ced33911489146f0c66149395,
        type: 3}
      propertyPath: m_LocalRotation.z
      value: 0
      objectReference: {fileID: 0}
    - target: {fileID: 4934978849457815170, guid: 0842e15ced33911489146f0c66149395,
        type: 3}
      propertyPath: m_AnchoredPosition.x
      value: 0
      objectReference: {fileID: 0}
    - target: {fileID: 4934978849457815170, guid: 0842e15ced33911489146f0c66149395,
        type: 3}
      propertyPath: m_AnchoredPosition.y
      value: 0
      objectReference: {fileID: 0}
    - target: {fileID: 4934978849457815170, guid: 0842e15ced33911489146f0c66149395,
        type: 3}
      propertyPath: m_LocalEulerAnglesHint.x
      value: 0
      objectReference: {fileID: 0}
    - target: {fileID: 4934978849457815170, guid: 0842e15ced33911489146f0c66149395,
        type: 3}
      propertyPath: m_LocalEulerAnglesHint.y
      value: 0
      objectReference: {fileID: 0}
    - target: {fileID: 4934978849457815170, guid: 0842e15ced33911489146f0c66149395,
        type: 3}
      propertyPath: m_LocalEulerAnglesHint.z
      value: 0
      objectReference: {fileID: 0}
    - target: {fileID: 4934978849457815173, guid: 0842e15ced33911489146f0c66149395,
        type: 3}
      propertyPath: m_Camera
      value: 
      objectReference: {fileID: 769844792}
    - target: {fileID: 4934978849457815174, guid: 0842e15ced33911489146f0c66149395,
        type: 3}
      propertyPath: m_Name
      value: Background Canvas
      objectReference: {fileID: 0}
    m_RemovedComponents: []
    m_RemovedGameObjects: []
    m_AddedGameObjects: []
    m_AddedComponents: []
  m_SourcePrefab: {fileID: 100100000, guid: 0842e15ced33911489146f0c66149395, type: 3}
--- !u!4 &885743252 stripped
Transform:
  m_CorrespondingSourceObject: {fileID: 7674411076725426785, guid: 402e66aec4e52564892c3cabd94175fd,
    type: 3}
  m_PrefabInstance: {fileID: 3167262753292768244}
  m_PrefabAsset: {fileID: 0}
--- !u!65 &930710055
BoxCollider:
  m_ObjectHideFlags: 0
  m_CorrespondingSourceObject: {fileID: 0}
  m_PrefabInstance: {fileID: 0}
  m_PrefabAsset: {fileID: 0}
  m_GameObject: {fileID: 47342033}
  m_Material: {fileID: 0}
  m_IncludeLayers:
    serializedVersion: 2
    m_Bits: 0
  m_ExcludeLayers:
    serializedVersion: 2
    m_Bits: 0
  m_LayerOverridePriority: 0
  m_IsTrigger: 0
  m_ProvidesContacts: 0
  m_Enabled: 1
  serializedVersion: 3
  m_Size: {x: 12.03, y: 0.96, z: 12.98}
  m_Center: {x: 0, y: -0.49, z: 0}
--- !u!1001 &1003148422
PrefabInstance:
  m_ObjectHideFlags: 0
  serializedVersion: 2
  m_Modification:
    serializedVersion: 3
    m_TransformParent: {fileID: 795678743}
    m_Modifications:
    - target: {fileID: 6660922402964503352, guid: 2771adcdcabe8864986956b0fede61b6,
        type: 3}
      propertyPath: m_LocalScale.x
      value: 1.6711676
      objectReference: {fileID: 0}
    - target: {fileID: 6660922402964503352, guid: 2771adcdcabe8864986956b0fede61b6,
        type: 3}
      propertyPath: m_LocalScale.y
      value: 0.43343
      objectReference: {fileID: 0}
    - target: {fileID: 6660922402964503352, guid: 2771adcdcabe8864986956b0fede61b6,
        type: 3}
      propertyPath: m_LocalPosition.x
      value: 10.67
      objectReference: {fileID: 0}
    - target: {fileID: 6660922402964503352, guid: 2771adcdcabe8864986956b0fede61b6,
        type: 3}
      propertyPath: m_LocalPosition.y
      value: -54.8
      objectReference: {fileID: 0}
    - target: {fileID: 6660922402964503352, guid: 2771adcdcabe8864986956b0fede61b6,
        type: 3}
      propertyPath: m_LocalPosition.z
      value: 135.01816
      objectReference: {fileID: 0}
    - target: {fileID: 6660922402964503352, guid: 2771adcdcabe8864986956b0fede61b6,
        type: 3}
      propertyPath: m_LocalRotation.w
      value: 1
      objectReference: {fileID: 0}
    - target: {fileID: 6660922402964503352, guid: 2771adcdcabe8864986956b0fede61b6,
        type: 3}
      propertyPath: m_LocalRotation.x
      value: -0
      objectReference: {fileID: 0}
    - target: {fileID: 6660922402964503352, guid: 2771adcdcabe8864986956b0fede61b6,
        type: 3}
      propertyPath: m_LocalRotation.y
      value: -0
      objectReference: {fileID: 0}
    - target: {fileID: 6660922402964503352, guid: 2771adcdcabe8864986956b0fede61b6,
        type: 3}
      propertyPath: m_LocalRotation.z
      value: -0
      objectReference: {fileID: 0}
    - target: {fileID: 6660922402964503352, guid: 2771adcdcabe8864986956b0fede61b6,
        type: 3}
      propertyPath: m_LocalEulerAnglesHint.x
      value: 0
      objectReference: {fileID: 0}
    - target: {fileID: 6660922402964503352, guid: 2771adcdcabe8864986956b0fede61b6,
        type: 3}
      propertyPath: m_LocalEulerAnglesHint.y
      value: 0
      objectReference: {fileID: 0}
    - target: {fileID: 6660922402964503352, guid: 2771adcdcabe8864986956b0fede61b6,
        type: 3}
      propertyPath: m_LocalEulerAnglesHint.z
      value: 0
      objectReference: {fileID: 0}
    - target: {fileID: 8327908150844775439, guid: 2771adcdcabe8864986956b0fede61b6,
        type: 3}
      propertyPath: m_Name
      value: lvl wall 1 (2)
      objectReference: {fileID: 0}
    m_RemovedComponents: []
    m_RemovedGameObjects: []
    m_AddedGameObjects: []
    m_AddedComponents: []
  m_SourcePrefab: {fileID: 100100000, guid: 2771adcdcabe8864986956b0fede61b6, type: 3}
--- !u!4 &1003148423 stripped
Transform:
  m_CorrespondingSourceObject: {fileID: 6660922402964503352, guid: 2771adcdcabe8864986956b0fede61b6,
    type: 3}
  m_PrefabInstance: {fileID: 1003148422}
  m_PrefabAsset: {fileID: 0}
--- !u!1001 &1017455777
PrefabInstance:
  m_ObjectHideFlags: 0
  serializedVersion: 2
  m_Modification:
    serializedVersion: 3
    m_TransformParent: {fileID: 795678743}
    m_Modifications:
    - target: {fileID: 6660922402964503352, guid: 2771adcdcabe8864986956b0fede61b6,
        type: 3}
      propertyPath: m_LocalPosition.x
      value: 90.20923
      objectReference: {fileID: 0}
    - target: {fileID: 6660922402964503352, guid: 2771adcdcabe8864986956b0fede61b6,
        type: 3}
      propertyPath: m_LocalPosition.y
      value: 25.600006
      objectReference: {fileID: 0}
    - target: {fileID: 6660922402964503352, guid: 2771adcdcabe8864986956b0fede61b6,
        type: 3}
      propertyPath: m_LocalPosition.z
      value: 135.01816
      objectReference: {fileID: 0}
    - target: {fileID: 6660922402964503352, guid: 2771adcdcabe8864986956b0fede61b6,
        type: 3}
      propertyPath: m_LocalRotation.w
      value: 1
      objectReference: {fileID: 0}
    - target: {fileID: 6660922402964503352, guid: 2771adcdcabe8864986956b0fede61b6,
        type: 3}
      propertyPath: m_LocalRotation.x
      value: -0
      objectReference: {fileID: 0}
    - target: {fileID: 6660922402964503352, guid: 2771adcdcabe8864986956b0fede61b6,
        type: 3}
      propertyPath: m_LocalRotation.y
      value: -0
      objectReference: {fileID: 0}
    - target: {fileID: 6660922402964503352, guid: 2771adcdcabe8864986956b0fede61b6,
        type: 3}
      propertyPath: m_LocalRotation.z
      value: -0
      objectReference: {fileID: 0}
    - target: {fileID: 6660922402964503352, guid: 2771adcdcabe8864986956b0fede61b6,
        type: 3}
      propertyPath: m_LocalEulerAnglesHint.x
      value: 0
      objectReference: {fileID: 0}
    - target: {fileID: 6660922402964503352, guid: 2771adcdcabe8864986956b0fede61b6,
        type: 3}
      propertyPath: m_LocalEulerAnglesHint.y
      value: 0
      objectReference: {fileID: 0}
    - target: {fileID: 6660922402964503352, guid: 2771adcdcabe8864986956b0fede61b6,
        type: 3}
      propertyPath: m_LocalEulerAnglesHint.z
      value: 0
      objectReference: {fileID: 0}
    - target: {fileID: 8327908150844775439, guid: 2771adcdcabe8864986956b0fede61b6,
        type: 3}
      propertyPath: m_Name
      value: lvl wall 1 (4)
      objectReference: {fileID: 0}
    m_RemovedComponents: []
    m_RemovedGameObjects: []
    m_AddedGameObjects: []
    m_AddedComponents: []
  m_SourcePrefab: {fileID: 100100000, guid: 2771adcdcabe8864986956b0fede61b6, type: 3}
--- !u!4 &1017455778 stripped
Transform:
  m_CorrespondingSourceObject: {fileID: 6660922402964503352, guid: 2771adcdcabe8864986956b0fede61b6,
    type: 3}
  m_PrefabInstance: {fileID: 1017455777}
  m_PrefabAsset: {fileID: 0}
--- !u!1001 &1216792187
PrefabInstance:
  m_ObjectHideFlags: 0
  serializedVersion: 2
  m_Modification:
    serializedVersion: 3
    m_TransformParent: {fileID: 795678743}
    m_Modifications:
    - target: {fileID: 6660922402964503352, guid: 2771adcdcabe8864986956b0fede61b6,
        type: 3}
      propertyPath: m_LocalPosition.x
      value: -67.384254
      objectReference: {fileID: 0}
    - target: {fileID: 6660922402964503352, guid: 2771adcdcabe8864986956b0fede61b6,
        type: 3}
      propertyPath: m_LocalPosition.y
      value: 25.6
      objectReference: {fileID: 0}
    - target: {fileID: 6660922402964503352, guid: 2771adcdcabe8864986956b0fede61b6,
        type: 3}
      propertyPath: m_LocalPosition.z
      value: 135.01816
      objectReference: {fileID: 0}
    - target: {fileID: 6660922402964503352, guid: 2771adcdcabe8864986956b0fede61b6,
        type: 3}
      propertyPath: m_LocalRotation.w
      value: 1
      objectReference: {fileID: 0}
    - target: {fileID: 6660922402964503352, guid: 2771adcdcabe8864986956b0fede61b6,
        type: 3}
      propertyPath: m_LocalRotation.x
      value: -0
      objectReference: {fileID: 0}
    - target: {fileID: 6660922402964503352, guid: 2771adcdcabe8864986956b0fede61b6,
        type: 3}
      propertyPath: m_LocalRotation.y
      value: -0
      objectReference: {fileID: 0}
    - target: {fileID: 6660922402964503352, guid: 2771adcdcabe8864986956b0fede61b6,
        type: 3}
      propertyPath: m_LocalRotation.z
      value: -0
      objectReference: {fileID: 0}
    - target: {fileID: 6660922402964503352, guid: 2771adcdcabe8864986956b0fede61b6,
        type: 3}
      propertyPath: m_LocalEulerAnglesHint.x
      value: 0
      objectReference: {fileID: 0}
    - target: {fileID: 6660922402964503352, guid: 2771adcdcabe8864986956b0fede61b6,
        type: 3}
      propertyPath: m_LocalEulerAnglesHint.y
      value: 0
      objectReference: {fileID: 0}
    - target: {fileID: 6660922402964503352, guid: 2771adcdcabe8864986956b0fede61b6,
        type: 3}
      propertyPath: m_LocalEulerAnglesHint.z
      value: 0
      objectReference: {fileID: 0}
    - target: {fileID: 8327908150844775439, guid: 2771adcdcabe8864986956b0fede61b6,
        type: 3}
      propertyPath: m_Name
      value: lvl wall 1 (5)
      objectReference: {fileID: 0}
    m_RemovedComponents: []
    m_RemovedGameObjects: []
    m_AddedGameObjects: []
    m_AddedComponents: []
  m_SourcePrefab: {fileID: 100100000, guid: 2771adcdcabe8864986956b0fede61b6, type: 3}
--- !u!4 &1216792188 stripped
Transform:
  m_CorrespondingSourceObject: {fileID: 6660922402964503352, guid: 2771adcdcabe8864986956b0fede61b6,
    type: 3}
  m_PrefabInstance: {fileID: 1216792187}
  m_PrefabAsset: {fileID: 0}
--- !u!1001 &1224952206
PrefabInstance:
  m_ObjectHideFlags: 0
  serializedVersion: 2
  m_Modification:
    serializedVersion: 3
    m_TransformParent: {fileID: 795678743}
    m_Modifications:
    - target: {fileID: 6660922402964503352, guid: 2771adcdcabe8864986956b0fede61b6,
        type: 3}
      propertyPath: m_LocalPosition.x
      value: -67.384254
      objectReference: {fileID: 0}
    - target: {fileID: 6660922402964503352, guid: 2771adcdcabe8864986956b0fede61b6,
        type: 3}
      propertyPath: m_LocalPosition.y
      value: -48
      objectReference: {fileID: 0}
    - target: {fileID: 6660922402964503352, guid: 2771adcdcabe8864986956b0fede61b6,
        type: 3}
      propertyPath: m_LocalPosition.z
      value: 135.01816
      objectReference: {fileID: 0}
    - target: {fileID: 6660922402964503352, guid: 2771adcdcabe8864986956b0fede61b6,
        type: 3}
      propertyPath: m_LocalRotation.w
      value: 1
      objectReference: {fileID: 0}
    - target: {fileID: 6660922402964503352, guid: 2771adcdcabe8864986956b0fede61b6,
        type: 3}
      propertyPath: m_LocalRotation.x
      value: -0
      objectReference: {fileID: 0}
    - target: {fileID: 6660922402964503352, guid: 2771adcdcabe8864986956b0fede61b6,
        type: 3}
      propertyPath: m_LocalRotation.y
      value: -0
      objectReference: {fileID: 0}
    - target: {fileID: 6660922402964503352, guid: 2771adcdcabe8864986956b0fede61b6,
        type: 3}
      propertyPath: m_LocalRotation.z
      value: -0
      objectReference: {fileID: 0}
    - target: {fileID: 6660922402964503352, guid: 2771adcdcabe8864986956b0fede61b6,
        type: 3}
      propertyPath: m_LocalEulerAnglesHint.x
      value: 0
      objectReference: {fileID: 0}
    - target: {fileID: 6660922402964503352, guid: 2771adcdcabe8864986956b0fede61b6,
        type: 3}
      propertyPath: m_LocalEulerAnglesHint.y
      value: 0
      objectReference: {fileID: 0}
    - target: {fileID: 6660922402964503352, guid: 2771adcdcabe8864986956b0fede61b6,
        type: 3}
      propertyPath: m_LocalEulerAnglesHint.z
      value: 0
      objectReference: {fileID: 0}
    - target: {fileID: 8327908150844775439, guid: 2771adcdcabe8864986956b0fede61b6,
        type: 3}
      propertyPath: m_Name
      value: lvl wall 1 (1)
      objectReference: {fileID: 0}
    m_RemovedComponents: []
    m_RemovedGameObjects: []
    m_AddedGameObjects: []
    m_AddedComponents: []
  m_SourcePrefab: {fileID: 100100000, guid: 2771adcdcabe8864986956b0fede61b6, type: 3}
--- !u!4 &1224952207 stripped
Transform:
  m_CorrespondingSourceObject: {fileID: 6660922402964503352, guid: 2771adcdcabe8864986956b0fede61b6,
    type: 3}
  m_PrefabInstance: {fileID: 1224952206}
  m_PrefabAsset: {fileID: 0}
--- !u!1001 &1361488215
PrefabInstance:
  m_ObjectHideFlags: 0
  serializedVersion: 2
  m_Modification:
    serializedVersion: 3
    m_TransformParent: {fileID: 795678743}
    m_Modifications:
    - target: {fileID: 6660922402964503352, guid: 2771adcdcabe8864986956b0fede61b6,
        type: 3}
      propertyPath: m_LocalPosition.x
      value: 90.20923
      objectReference: {fileID: 0}
    - target: {fileID: 6660922402964503352, guid: 2771adcdcabe8864986956b0fede61b6,
        type: 3}
      propertyPath: m_LocalPosition.y
      value: -48
      objectReference: {fileID: 0}
    - target: {fileID: 6660922402964503352, guid: 2771adcdcabe8864986956b0fede61b6,
        type: 3}
      propertyPath: m_LocalPosition.z
      value: 135.01816
      objectReference: {fileID: 0}
    - target: {fileID: 6660922402964503352, guid: 2771adcdcabe8864986956b0fede61b6,
        type: 3}
      propertyPath: m_LocalRotation.w
      value: 1
      objectReference: {fileID: 0}
    - target: {fileID: 6660922402964503352, guid: 2771adcdcabe8864986956b0fede61b6,
        type: 3}
      propertyPath: m_LocalRotation.x
      value: -0
      objectReference: {fileID: 0}
    - target: {fileID: 6660922402964503352, guid: 2771adcdcabe8864986956b0fede61b6,
        type: 3}
      propertyPath: m_LocalRotation.y
      value: -0
      objectReference: {fileID: 0}
    - target: {fileID: 6660922402964503352, guid: 2771adcdcabe8864986956b0fede61b6,
        type: 3}
      propertyPath: m_LocalRotation.z
      value: -0
      objectReference: {fileID: 0}
    - target: {fileID: 6660922402964503352, guid: 2771adcdcabe8864986956b0fede61b6,
        type: 3}
      propertyPath: m_LocalEulerAnglesHint.x
      value: 0
      objectReference: {fileID: 0}
    - target: {fileID: 6660922402964503352, guid: 2771adcdcabe8864986956b0fede61b6,
        type: 3}
      propertyPath: m_LocalEulerAnglesHint.y
      value: 0
      objectReference: {fileID: 0}
    - target: {fileID: 6660922402964503352, guid: 2771adcdcabe8864986956b0fede61b6,
        type: 3}
      propertyPath: m_LocalEulerAnglesHint.z
      value: 0
      objectReference: {fileID: 0}
    - target: {fileID: 8327908150844775439, guid: 2771adcdcabe8864986956b0fede61b6,
        type: 3}
      propertyPath: m_Name
      value: lvl wall 1
      objectReference: {fileID: 0}
    m_RemovedComponents: []
    m_RemovedGameObjects: []
    m_AddedGameObjects: []
    m_AddedComponents: []
  m_SourcePrefab: {fileID: 100100000, guid: 2771adcdcabe8864986956b0fede61b6, type: 3}
--- !u!4 &1361488216 stripped
Transform:
  m_CorrespondingSourceObject: {fileID: 6660922402964503352, guid: 2771adcdcabe8864986956b0fede61b6,
    type: 3}
  m_PrefabInstance: {fileID: 1361488215}
  m_PrefabAsset: {fileID: 0}
--- !u!224 &1389800595 stripped
RectTransform:
  m_CorrespondingSourceObject: {fileID: 3900108755196472087, guid: d9fa78e8c3c4f2b4b8f7f77ca8426cca,
    type: 3}
  m_PrefabInstance: {fileID: 1708310434737223443}
  m_PrefabAsset: {fileID: 0}
--- !u!850595691 &1460887677
LightingSettings:
  m_ObjectHideFlags: 0
  m_CorrespondingSourceObject: {fileID: 0}
  m_PrefabInstance: {fileID: 0}
  m_PrefabAsset: {fileID: 0}
  m_Name: 
  serializedVersion: 6
  m_GIWorkflowMode: 1
  m_EnableBakedLightmaps: 1
  m_EnableRealtimeLightmaps: 0
  m_RealtimeEnvironmentLighting: 1
  m_BounceScale: 1
  m_AlbedoBoost: 1
  m_IndirectOutputScale: 1
  m_UsingShadowmask: 1
  m_BakeBackend: 1
  m_LightmapMaxSize: 1024
  m_BakeResolution: 40
  m_Padding: 2
  m_LightmapCompression: 3
  m_AO: 0
  m_AOMaxDistance: 1
  m_CompAOExponent: 1
  m_CompAOExponentDirect: 0
  m_ExtractAO: 0
  m_MixedBakeMode: 2
  m_LightmapsBakeMode: 1
  m_FilterMode: 1
  m_LightmapParameters: {fileID: 15204, guid: 0000000000000000f000000000000000, type: 0}
  m_ExportTrainingData: 0
  m_TrainingDataDestination: TrainingData
  m_RealtimeResolution: 2
  m_ForceWhiteAlbedo: 0
  m_ForceUpdates: 0
  m_FinalGather: 0
  m_FinalGatherRayCount: 256
  m_FinalGatherFiltering: 1
  m_PVRCulling: 1
  m_PVRSampling: 1
  m_PVRDirectSampleCount: 32
  m_PVRSampleCount: 512
  m_PVREnvironmentSampleCount: 256
  m_PVREnvironmentReferencePointCount: 2048
  m_LightProbeSampleCountMultiplier: 4
  m_PVRBounces: 2
  m_PVRMinBounces: 2
  m_PVREnvironmentImportanceSampling: 1
  m_PVRFilteringMode: 1
  m_PVRDenoiserTypeDirect: 1
  m_PVRDenoiserTypeIndirect: 1
  m_PVRDenoiserTypeAO: 1
  m_PVRFilterTypeDirect: 0
  m_PVRFilterTypeIndirect: 0
  m_PVRFilterTypeAO: 0
  m_PVRFilteringGaussRadiusDirect: 1
  m_PVRFilteringGaussRadiusIndirect: 5
  m_PVRFilteringGaussRadiusAO: 2
  m_PVRFilteringAtrousPositionSigmaDirect: 0.5
  m_PVRFilteringAtrousPositionSigmaIndirect: 2
  m_PVRFilteringAtrousPositionSigmaAO: 1
  m_PVRTiledBaking: 0
  m_NumRaysToShootPerTexel: -1
  m_RespectSceneVisibilityWhenBakingGI: 0
--- !u!1 &1640427238
GameObject:
  m_ObjectHideFlags: 0
  m_CorrespondingSourceObject: {fileID: 0}
  m_PrefabInstance: {fileID: 0}
  m_PrefabAsset: {fileID: 0}
  serializedVersion: 6
  m_Component:
  - component: {fileID: 1640427242}
  - component: {fileID: 1640427241}
  - component: {fileID: 1640427240}
  - component: {fileID: 1640427239}
  m_Layer: 5
  m_Name: DialogCanvas
  m_TagString: Untagged
  m_Icon: {fileID: 0}
  m_NavMeshLayer: 0
  m_StaticEditorFlags: 0
  m_IsActive: 1
--- !u!114 &1640427239
MonoBehaviour:
  m_ObjectHideFlags: 0
  m_CorrespondingSourceObject: {fileID: 0}
  m_PrefabInstance: {fileID: 0}
  m_PrefabAsset: {fileID: 0}
  m_GameObject: {fileID: 1640427238}
  m_Enabled: 1
  m_EditorHideFlags: 0
  m_Script: {fileID: 11500000, guid: dc42784cf147c0c48a680349fa168899, type: 3}
  m_Name: 
  m_EditorClassIdentifier: 
  m_IgnoreReversedGraphics: 1
  m_BlockingObjects: 0
  m_BlockingMask:
    serializedVersion: 2
    m_Bits: 4294967295
--- !u!114 &1640427240
MonoBehaviour:
  m_ObjectHideFlags: 0
  m_CorrespondingSourceObject: {fileID: 0}
  m_PrefabInstance: {fileID: 0}
  m_PrefabAsset: {fileID: 0}
  m_GameObject: {fileID: 1640427238}
  m_Enabled: 1
  m_EditorHideFlags: 0
  m_Script: {fileID: 11500000, guid: 0cd44c1031e13a943bb63640046fad76, type: 3}
  m_Name: 
  m_EditorClassIdentifier: 
  m_UiScaleMode: 0
  m_ReferencePixelsPerUnit: 100
  m_ScaleFactor: 1
  m_ReferenceResolution: {x: 800, y: 600}
  m_ScreenMatchMode: 0
  m_MatchWidthOrHeight: 0
  m_PhysicalUnit: 3
  m_FallbackScreenDPI: 96
  m_DefaultSpriteDPI: 96
  m_DynamicPixelsPerUnit: 1
  m_PresetInfoIsWorld: 0
--- !u!223 &1640427241
Canvas:
  m_ObjectHideFlags: 0
  m_CorrespondingSourceObject: {fileID: 0}
  m_PrefabInstance: {fileID: 0}
  m_PrefabAsset: {fileID: 0}
  m_GameObject: {fileID: 1640427238}
  m_Enabled: 1
  serializedVersion: 3
  m_RenderMode: 0
  m_Camera: {fileID: 0}
  m_PlaneDistance: 100
  m_PixelPerfect: 0
  m_ReceivesEvents: 1
  m_OverrideSorting: 0
  m_OverridePixelPerfect: 0
  m_SortingBucketNormalizedSize: 0
  m_VertexColorAlwaysGammaSpace: 0
  m_AdditionalShaderChannelsFlag: 25
  m_UpdateRectTransformForStandalone: 0
  m_SortingLayerID: 0
  m_SortingOrder: 0
  m_TargetDisplay: 0
--- !u!224 &1640427242
RectTransform:
  m_ObjectHideFlags: 0
  m_CorrespondingSourceObject: {fileID: 0}
  m_PrefabInstance: {fileID: 0}
  m_PrefabAsset: {fileID: 0}
  m_GameObject: {fileID: 1640427238}
  m_LocalRotation: {x: 0, y: 0, z: 0, w: 1}
  m_LocalPosition: {x: 0, y: 0, z: 0}
  m_LocalScale: {x: 0, y: 0, z: 0}
  m_ConstrainProportionsScale: 0
  m_Children:
  - {fileID: 1389800595}
  m_Father: {fileID: 0}
  m_LocalEulerAnglesHint: {x: 0, y: 0, z: 0}
  m_AnchorMin: {x: 0, y: 0}
  m_AnchorMax: {x: 0, y: 0}
  m_AnchoredPosition: {x: 0, y: 0}
  m_SizeDelta: {x: 0, y: 0}
  m_Pivot: {x: 0, y: 0}
--- !u!1 &1657849028
GameObject:
  m_ObjectHideFlags: 0
  m_CorrespondingSourceObject: {fileID: 0}
  m_PrefabInstance: {fileID: 0}
  m_PrefabAsset: {fileID: 0}
  serializedVersion: 6
  m_Component:
  - component: {fileID: 1657849030}
  - component: {fileID: 1657849029}
  m_Layer: 0
  m_Name: Level 1 Manager
  m_TagString: Untagged
  m_Icon: {fileID: 0}
  m_NavMeshLayer: 0
  m_StaticEditorFlags: 0
  m_IsActive: 1
--- !u!114 &1657849029
MonoBehaviour:
  m_ObjectHideFlags: 0
  m_CorrespondingSourceObject: {fileID: 0}
  m_PrefabInstance: {fileID: 0}
  m_PrefabAsset: {fileID: 0}
  m_GameObject: {fileID: 1657849028}
  m_Enabled: 1
  m_EditorHideFlags: 0
  m_Script: {fileID: 11500000, guid: 4e65b76cb2597f54c8ca5c047282eb22, type: 3}
  m_Name: 
  m_EditorClassIdentifier: 
  _startConvoDone: 0
  _pointsRequired: 0
  _nextLevelScript: {fileID: 0}
--- !u!4 &1657849030
Transform:
  m_ObjectHideFlags: 0
  m_CorrespondingSourceObject: {fileID: 0}
  m_PrefabInstance: {fileID: 0}
  m_PrefabAsset: {fileID: 0}
  m_GameObject: {fileID: 1657849028}
  serializedVersion: 2
  m_LocalRotation: {x: 0, y: 0, z: 0, w: 1}
  m_LocalPosition: {x: 158.61336, y: 229.70381, z: -127.17316}
  m_LocalScale: {x: 1, y: 1, z: 1}
  m_ConstrainProportionsScale: 0
  m_Children: []
  m_Father: {fileID: 0}
  m_LocalEulerAnglesHint: {x: 0, y: 0, z: 0}
--- !u!1 &1909983081
GameObject:
  m_ObjectHideFlags: 0
  m_CorrespondingSourceObject: {fileID: 0}
  m_PrefabInstance: {fileID: 0}
  m_PrefabAsset: {fileID: 0}
  serializedVersion: 6
  m_Component:
  - component: {fileID: 1909983084}
  - component: {fileID: 1909983083}
  - component: {fileID: 1909983082}
  m_Layer: 0
  m_Name: Text (TMP)
  m_TagString: Untagged
  m_Icon: {fileID: 0}
  m_NavMeshLayer: 0
  m_StaticEditorFlags: 0
  m_IsActive: 1
--- !u!114 &1909983082
MonoBehaviour:
  m_ObjectHideFlags: 0
  m_CorrespondingSourceObject: {fileID: 0}
  m_PrefabInstance: {fileID: 0}
  m_PrefabAsset: {fileID: 0}
  m_GameObject: {fileID: 1909983081}
  m_Enabled: 1
  m_EditorHideFlags: 0
  m_Script: {fileID: 11500000, guid: 9541d86e2fd84c1d9990edf0852d74ab, type: 3}
  m_Name: 
  m_EditorClassIdentifier: 
  m_Material: {fileID: 0}
  m_Color: {r: 1, g: 1, b: 1, a: 1}
  m_RaycastTarget: 1
  m_RaycastPadding: {x: 0, y: 0, z: 0, w: 0}
  m_Maskable: 1
  m_OnCullStateChanged:
    m_PersistentCalls:
      m_Calls: []
  m_text: 'Press Q for Left Thruster and E/P for Right Thruster

    Press R to Restart
    Level'
  m_isRightToLeft: 0
  m_fontAsset: {fileID: 11400000, guid: 46ec23e4868fe5f4c972975ffa6bbb16, type: 2}
  m_sharedMaterial: {fileID: 7349221734574440180, guid: 46ec23e4868fe5f4c972975ffa6bbb16,
    type: 2}
  m_fontSharedMaterials: []
  m_fontMaterial: {fileID: 0}
  m_fontMaterials: []
  m_fontColor32:
    serializedVersion: 2
    rgba: 4294967295
  m_fontColor: {r: 1, g: 1, b: 1, a: 1}
  m_enableVertexGradient: 0
  m_colorMode: 3
  m_fontColorGradient:
    topLeft: {r: 1, g: 1, b: 1, a: 1}
    topRight: {r: 1, g: 1, b: 1, a: 1}
    bottomLeft: {r: 1, g: 1, b: 1, a: 1}
    bottomRight: {r: 1, g: 1, b: 1, a: 1}
  m_fontColorGradientPreset: {fileID: 0}
  m_spriteAsset: {fileID: 0}
  m_tintAllSprites: 0
  m_StyleSheet: {fileID: 0}
  m_TextStyleHashCode: -1183493901
  m_overrideHtmlColors: 0
  m_faceColor:
    serializedVersion: 2
    rgba: 4294967295
  m_fontSize: 11.6
  m_fontSizeBase: 11.6
  m_fontWeight: 400
  m_enableAutoSizing: 0
  m_fontSizeMin: 18
  m_fontSizeMax: 72
  m_fontStyle: 0
  m_HorizontalAlignment: 1
  m_VerticalAlignment: 256
  m_textAlignment: 65535
  m_characterSpacing: 0
  m_wordSpacing: 0
  m_lineSpacing: 0
  m_lineSpacingMax: 0
  m_paragraphSpacing: 0
  m_charWidthMaxAdj: 0
  m_enableWordWrapping: 1
  m_wordWrappingRatios: 0.4
  m_overflowMode: 0
  m_linkedTextComponent: {fileID: 0}
  parentLinkedComponent: {fileID: 0}
  m_enableKerning: 1
  m_enableExtraPadding: 0
  checkPaddingRequired: 0
  m_isRichText: 1
  m_parseCtrlCharacters: 1
  m_isOrthographic: 0
  m_isCullingEnabled: 0
  m_horizontalMapping: 0
  m_verticalMapping: 0
  m_uvLineOffset: 0
  m_geometrySortingOrder: 0
  m_IsTextObjectScaleStatic: 0
  m_VertexBufferAutoSizeReduction: 0
  m_useMaxVisibleDescender: 1
  m_pageToDisplay: 1
  m_margin: {x: 0, y: 0, z: 0, w: 0}
  m_isUsingLegacyAnimationComponent: 0
  m_isVolumetricText: 0
  _SortingLayer: 0
  _SortingLayerID: 0
  _SortingOrder: 0
  m_hasFontAssetChanged: 0
  m_renderer: {fileID: 1909983083}
  m_maskType: 0
--- !u!23 &1909983083
MeshRenderer:
  m_ObjectHideFlags: 0
  m_CorrespondingSourceObject: {fileID: 0}
  m_PrefabInstance: {fileID: 0}
  m_PrefabAsset: {fileID: 0}
  m_GameObject: {fileID: 1909983081}
  m_Enabled: 1
  m_CastShadows: 0
  m_ReceiveShadows: 0
  m_DynamicOccludee: 1
  m_StaticShadowCaster: 0
  m_MotionVectors: 1
  m_LightProbeUsage: 1
  m_ReflectionProbeUsage: 1
  m_RayTracingMode: 2
  m_RayTraceProcedural: 0
  m_RenderingLayerMask: 1
  m_RendererPriority: 0
  m_Materials:
  - {fileID: 7349221734574440180, guid: 46ec23e4868fe5f4c972975ffa6bbb16, type: 2}
  m_StaticBatchInfo:
    firstSubMesh: 0
    subMeshCount: 0
  m_StaticBatchRoot: {fileID: 0}
  m_ProbeAnchor: {fileID: 0}
  m_LightProbeVolumeOverride: {fileID: 0}
  m_ScaleInLightmap: 1
  m_ReceiveGI: 1
  m_PreserveUVs: 0
  m_IgnoreNormalsForChartDetection: 0
  m_ImportantGI: 0
  m_StitchLightmapSeams: 1
  m_SelectedEditorRenderState: 3
  m_MinimumChartSize: 4
  m_AutoUVMaxDistance: 0.5
  m_AutoUVMaxAngle: 89
  m_LightmapParameters: {fileID: 0}
  m_SortingLayerID: 0
  m_SortingLayer: 0
  m_SortingOrder: 0
  m_AdditionalVertexStreams: {fileID: 0}
--- !u!224 &1909983084
RectTransform:
  m_ObjectHideFlags: 0
  m_CorrespondingSourceObject: {fileID: 0}
  m_PrefabInstance: {fileID: 0}
  m_PrefabAsset: {fileID: 0}
  m_GameObject: {fileID: 1909983081}
  m_LocalRotation: {x: 0, y: 0, z: 0, w: 1}
  m_LocalPosition: {x: 0, y: 0, z: 0}
  m_LocalScale: {x: 1, y: 1, z: 1}
  m_ConstrainProportionsScale: 0
  m_Children: []
  m_Father: {fileID: 0}
  m_LocalEulerAnglesHint: {x: 0, y: 0, z: 0}
  m_AnchorMin: {x: 0.5, y: 0.5}
  m_AnchorMax: {x: 0.5, y: 0.5}
  m_AnchoredPosition: {x: 0, y: 5.41}
  m_SizeDelta: {x: 20, y: 5}
  m_Pivot: {x: 0.5, y: 0.5}
--- !u!1001 &2029982749
PrefabInstance:
  m_ObjectHideFlags: 0
  serializedVersion: 2
  m_Modification:
    serializedVersion: 3
    m_TransformParent: {fileID: 0}
    m_Modifications:
    - target: {fileID: 8774262592621330528, guid: 4baceea99e068604d920ebb1d30b9c21,
        type: 3}
      propertyPath: m_Name
      value: Global Volume
      objectReference: {fileID: 0}
    - target: {fileID: 8774262592621330530, guid: 4baceea99e068604d920ebb1d30b9c21,
        type: 3}
      propertyPath: m_LocalPosition.x
      value: 0
      objectReference: {fileID: 0}
    - target: {fileID: 8774262592621330530, guid: 4baceea99e068604d920ebb1d30b9c21,
        type: 3}
      propertyPath: m_LocalPosition.y
      value: 0
      objectReference: {fileID: 0}
    - target: {fileID: 8774262592621330530, guid: 4baceea99e068604d920ebb1d30b9c21,
        type: 3}
      propertyPath: m_LocalPosition.z
      value: 0
      objectReference: {fileID: 0}
    - target: {fileID: 8774262592621330530, guid: 4baceea99e068604d920ebb1d30b9c21,
        type: 3}
      propertyPath: m_LocalRotation.w
      value: 1
      objectReference: {fileID: 0}
    - target: {fileID: 8774262592621330530, guid: 4baceea99e068604d920ebb1d30b9c21,
        type: 3}
      propertyPath: m_LocalRotation.x
      value: 0
      objectReference: {fileID: 0}
    - target: {fileID: 8774262592621330530, guid: 4baceea99e068604d920ebb1d30b9c21,
        type: 3}
      propertyPath: m_LocalRotation.y
      value: 0
      objectReference: {fileID: 0}
    - target: {fileID: 8774262592621330530, guid: 4baceea99e068604d920ebb1d30b9c21,
        type: 3}
      propertyPath: m_LocalRotation.z
      value: 0
      objectReference: {fileID: 0}
    - target: {fileID: 8774262592621330530, guid: 4baceea99e068604d920ebb1d30b9c21,
        type: 3}
      propertyPath: m_LocalEulerAnglesHint.x
      value: 0
      objectReference: {fileID: 0}
    - target: {fileID: 8774262592621330530, guid: 4baceea99e068604d920ebb1d30b9c21,
        type: 3}
      propertyPath: m_LocalEulerAnglesHint.y
      value: 0
      objectReference: {fileID: 0}
    - target: {fileID: 8774262592621330530, guid: 4baceea99e068604d920ebb1d30b9c21,
        type: 3}
      propertyPath: m_LocalEulerAnglesHint.z
      value: 0
      objectReference: {fileID: 0}
    m_RemovedComponents: []
    m_RemovedGameObjects: []
    m_AddedGameObjects: []
    m_AddedComponents: []
  m_SourcePrefab: {fileID: 100100000, guid: 4baceea99e068604d920ebb1d30b9c21, type: 3}
--- !u!1 &266318492665166676
GameObject:
  m_ObjectHideFlags: 0
  m_CorrespondingSourceObject: {fileID: 0}
  m_PrefabInstance: {fileID: 0}
  m_PrefabAsset: {fileID: 0}
  serializedVersion: 6
  m_Component:
  - component: {fileID: 5022457366335321553}
  m_Layer: 0
  m_Name: DialogueSystem
  m_TagString: Untagged
  m_Icon: {fileID: 0}
  m_NavMeshLayer: 0
  m_StaticEditorFlags: 0
  m_IsActive: 1
--- !u!114 &274176909134750030
MonoBehaviour:
  m_ObjectHideFlags: 0
  m_CorrespondingSourceObject: {fileID: 0}
  m_PrefabInstance: {fileID: 0}
  m_PrefabAsset: {fileID: 0}
  m_GameObject: {fileID: 7861408845786323740}
  m_Enabled: 1
  m_EditorHideFlags: 0
  m_Script: {fileID: 11500000, guid: 83189876d4d389f43b7dd2e925aa112e, type: 3}
  m_Name: 
  m_EditorClassIdentifier: 
  CurrentIDCounter: 9
  json: '{"Options":[{"Connections":[],"EditorInfo":{"isRoot":false,"xPos":245.714233,"yPos":498.4272},"ID":5,"ParamActions":[{"__type":"EditableSetBoolParamAction:#DialogueEditor","ParameterName":"IntroDone","Value":true}],"TMPFontGUID":null,"Text":"Yes
    ","parentUIDs":[4],"SpeechUID":-1},{"Connections":[],"EditorInfo":{"isRoot":false,"xPos":505.714722,"yPos":501.8559},"ID":6,"ParamActions":[{"__type":"EditableSetBoolParamAction:#DialogueEditor","ParameterName":"IntroDone","Value":true}],"TMPFontGUID":null,"Text":"Absolutely","parentUIDs":[4],"SpeechUID":-1}],"Parameters":[{"__type":"EditableBoolParameter:#DialogueEditor","ParameterName":"IntroDone","BoolValue":false}],"SpeechNodes":[{"Connections":[{"__type":"EditableSpeechConnection:#DialogueEditor","Conditions":[{"__type":"EditableBoolCondition:#DialogueEditor","ParameterName":"IntroDone","CheckType":0,"RequiredValue":false}],"NodeUID":1},{"__type":"EditableSpeechConnection:#DialogueEditor","Conditions":[{"__type":"EditableBoolCondition:#DialogueEditor","ParameterName":"IntroDone","CheckType":0,"RequiredValue":true}],"NodeUID":7}],"EditorInfo":{"isRoot":true,"xPos":439,"yPos":22},"ID":0,"ParamActions":[{"__type":"EditableSetBoolParamAction:#DialogueEditor","ParameterName":"IntroDone","Value":false}],"TMPFontGUID":null,"Text":"Greetings
    Cosmic Cargo Cadet!!","parentUIDs":[],"AdvanceDialogueAutomatically":false,"AudioGUID":null,"AutoAdvanceShouldDisplayOption":false,"IconGUID":null,"Name":"A.I.","OptionUIDs":null,"SpeechUID":0,"TimeUntilAdvance":0,"Volume":0},{"Connections":[{"__type":"EditableSpeechConnection:#DialogueEditor","Conditions":[],"NodeUID":2}],"EditorInfo":{"isRoot":false,"xPos":313.142822,"yPos":139.085678},"ID":1,"ParamActions":[],"TMPFontGUID":null,"Text":"Welcome
    to your first day of simulation training in the Cosmic Pew-Pew shipping company.
    ","parentUIDs":[0],"AdvanceDialogueAutomatically":true,"AudioGUID":null,"AutoAdvanceShouldDisplayOption":true,"IconGUID":null,"Name":"A.I.","OptionUIDs":null,"SpeechUID":0,"TimeUntilAdvance":0.5,"Volume":0},{"Connections":[{"__type":"EditableSpeechConnection:#DialogueEditor","Conditions":[],"NodeUID":4}],"EditorInfo":{"isRoot":false,"xPos":280.571472,"yPos":265.142944},"ID":2,"ParamActions":[],"TMPFontGUID":null,"Text":"After
    our 3-stage training program you will be ready to start off as a proud Astral
    Logistics Officer of the Cosmic Pew-Pew Shipping company.","parentUIDs":[1],"AdvanceDialogueAutomatically":true,"AudioGUID":null,"AutoAdvanceShouldDisplayOption":false,"IconGUID":null,"Name":"A.I.","OptionUIDs":null,"SpeechUID":0,"TimeUntilAdvance":0.1,"Volume":0},{"Connections":[{"__type":"EditableOptionConnection:#DialogueEditor","Conditions":[],"NodeUID":5},{"__type":"EditableOptionConnection:#DialogueEditor","Conditions":[],"NodeUID":6}],"EditorInfo":{"isRoot":false,"xPos":398.285767,"yPos":373.7121},"ID":4,"ParamActions":[{"__type":"EditableSetBoolParamAction:#DialogueEditor","ParameterName":"IntroDone","Value":true}],"TMPFontGUID":null,"Text":"aRE
    yOu ReAdy to beGiN tHiS 30 sTeP prOgRAm?","parentUIDs":[2],"AdvanceDialogueAutomatically":false,"AudioGUID":null,"AutoAdvanceShouldDisplayOption":false,"IconGUID":null,"Name":"A.i..","OptionUIDs":null,"SpeechUID":0,"TimeUntilAdvance":0,"Volume":0},{"Connections":[{"__type":"EditableSpeechConnection:#DialogueEditor","Conditions":[],"NodeUID":8}],"EditorInfo":{"isRoot":false,"xPos":604.500061,"yPos":126.857178},"ID":7,"ParamActions":[],"TMPFontGUID":null,"Text":"Oh
    it seems like you have done this before.","parentUIDs":[0],"AdvanceDialogueAutomatically":false,"AudioGUID":null,"AutoAdvanceShouldDisplayOption":false,"IconGUID":null,"Name":"","OptionUIDs":null,"SpeechUID":0,"TimeUntilAdvance":0,"Volume":0},{"Connections":[],"EditorInfo":{"isRoot":false,"xPos":599.9286,"yPos":262.8573},"ID":8,"ParamActions":[],"TMPFontGUID":null,"Text":"Well
    then I guess no need for this intro.","parentUIDs":[7],"AdvanceDialogueAutomatically":false,"AudioGUID":null,"AutoAdvanceShouldDisplayOption":false,"IconGUID":null,"Name":"","OptionUIDs":null,"SpeechUID":0,"TimeUntilAdvance":0,"Volume":0}]}'
  saveVersion: 110
  DefaultName: 
  DefaultSprite: {fileID: 0}
  DefaultFont: {fileID: 0}
  NodeSerializedDataList:
  - {fileID: 2347520024759611627}
  - {fileID: 7991130748923075160}
  - {fileID: 6007291356973418083}
  - {fileID: 364169456131974513}
  - {fileID: 7262806294480454494}
  - {fileID: 3840809919483830930}
  - {fileID: 2126923927476092724}
  - {fileID: 5660220460173627287}
  ContinueFont: {fileID: 0}
  EndConversationFont: {fileID: 0}
  Event:
    m_PersistentCalls:
      m_Calls: []
--- !u!1001 &330220092075152490
PrefabInstance:
  m_ObjectHideFlags: 0
  serializedVersion: 2
  m_Modification:
    serializedVersion: 3
    m_TransformParent: {fileID: 0}
    m_Modifications:
    - target: {fileID: 1421378762782143277, guid: fbd0dc4da14cea24a83fe700c0808cba,
        type: 3}
      propertyPath: m_LocalPosition.x
      value: 0
      objectReference: {fileID: 0}
    - target: {fileID: 1421378762782143277, guid: fbd0dc4da14cea24a83fe700c0808cba,
        type: 3}
      propertyPath: m_LocalPosition.y
      value: 0
      objectReference: {fileID: 0}
    - target: {fileID: 1421378762782143277, guid: fbd0dc4da14cea24a83fe700c0808cba,
        type: 3}
      propertyPath: m_LocalPosition.z
      value: -20
      objectReference: {fileID: 0}
    - target: {fileID: 1421378762782143277, guid: fbd0dc4da14cea24a83fe700c0808cba,
        type: 3}
      propertyPath: m_LocalRotation.w
      value: 1
      objectReference: {fileID: 0}
    - target: {fileID: 1421378762782143277, guid: fbd0dc4da14cea24a83fe700c0808cba,
        type: 3}
      propertyPath: m_LocalRotation.x
      value: -0
      objectReference: {fileID: 0}
    - target: {fileID: 1421378762782143277, guid: fbd0dc4da14cea24a83fe700c0808cba,
        type: 3}
      propertyPath: m_LocalRotation.y
      value: -0
      objectReference: {fileID: 0}
    - target: {fileID: 1421378762782143277, guid: fbd0dc4da14cea24a83fe700c0808cba,
        type: 3}
      propertyPath: m_LocalRotation.z
      value: -0
      objectReference: {fileID: 0}
    - target: {fileID: 1421378762782143277, guid: fbd0dc4da14cea24a83fe700c0808cba,
        type: 3}
      propertyPath: m_LocalEulerAnglesHint.x
      value: 0
      objectReference: {fileID: 0}
    - target: {fileID: 1421378762782143277, guid: fbd0dc4da14cea24a83fe700c0808cba,
        type: 3}
      propertyPath: m_LocalEulerAnglesHint.y
      value: 0
      objectReference: {fileID: 0}
    - target: {fileID: 1421378762782143277, guid: fbd0dc4da14cea24a83fe700c0808cba,
        type: 3}
      propertyPath: m_LocalEulerAnglesHint.z
      value: 0
      objectReference: {fileID: 0}
    - target: {fileID: 1544472344288601834, guid: fbd0dc4da14cea24a83fe700c0808cba,
        type: 3}
      propertyPath: TargetToFollow
      value: 
      objectReference: {fileID: 885743252}
    - target: {fileID: 2613132905083991192, guid: fbd0dc4da14cea24a83fe700c0808cba,
        type: 3}
      propertyPath: m_Name
      value: Main Camera
      objectReference: {fileID: 0}
    m_RemovedComponents: []
    m_RemovedGameObjects: []
    m_AddedGameObjects: []
    m_AddedComponents: []
  m_SourcePrefab: {fileID: 100100000, guid: fbd0dc4da14cea24a83fe700c0808cba, type: 3}
--- !u!114 &364169456131974513
MonoBehaviour:
  m_ObjectHideFlags: 0
  m_CorrespondingSourceObject: {fileID: 0}
  m_PrefabInstance: {fileID: 0}
  m_PrefabAsset: {fileID: 0}
  m_GameObject: {fileID: 1046937812149662231}
  m_Enabled: 1
  m_EditorHideFlags: 0
  m_Script: {fileID: 11500000, guid: 00abedce3cdbbba46bf2d86c9518c9f0, type: 3}
  m_Name: 
  m_EditorClassIdentifier: 
  Event:
    m_PersistentCalls:
      m_Calls:
      - m_Target: {fileID: 7861408845786323740}
        m_TargetAssemblyTypeName: 
        m_MethodName: 
        m_Mode: 1
        m_Arguments:
          m_ObjectArgument: {fileID: 0}
          m_ObjectArgumentAssemblyTypeName: 
          m_IntArgument: 0
          m_FloatArgument: 0
          m_StringArgument: 
          m_BoolArgument: 0
        m_CallState: 2
  NodeID: 4
  TMPFont: {fileID: 0}
  Icon: {fileID: 10913, guid: 0000000000000000f000000000000000, type: 0}
  Audio: {fileID: 0}
--- !u!4 &807537283768372536
Transform:
  m_ObjectHideFlags: 0
  m_CorrespondingSourceObject: {fileID: 0}
  m_PrefabInstance: {fileID: 0}
  m_PrefabAsset: {fileID: 0}
  m_GameObject: {fileID: 1046937812149662231}
  serializedVersion: 2
  m_LocalRotation: {x: -0, y: -0, z: -0, w: 1}
  m_LocalPosition: {x: -16.27305, y: -14.179614, z: 0.18733089}
  m_LocalScale: {x: 1, y: 1, z: 1}
  m_ConstrainProportionsScale: 0
  m_Children: []
  m_Father: {fileID: 3095113763492052267}
  m_LocalEulerAnglesHint: {x: 0, y: 0, z: 0}
--- !u!4 &973349450727471897
Transform:
  m_ObjectHideFlags: 0
  m_CorrespondingSourceObject: {fileID: 0}
  m_PrefabInstance: {fileID: 0}
  m_PrefabAsset: {fileID: 0}
  m_GameObject: {fileID: 5793765204303831620}
  serializedVersion: 2
  m_LocalRotation: {x: 0, y: 0, z: 0, w: 1}
  m_LocalPosition: {x: -25.34, y: -69.6, z: 0}
  m_LocalScale: {x: 1, y: 1, z: 1}
  m_ConstrainProportionsScale: 0
  m_Children:
  - {fileID: 3158826014930326339}
  m_Father: {fileID: 5022457366335321553}
  m_LocalEulerAnglesHint: {x: 0, y: 0, z: 0}
--- !u!1 &1046937812149662231
GameObject:
  m_ObjectHideFlags: 0
  m_CorrespondingSourceObject: {fileID: 0}
  m_PrefabInstance: {fileID: 0}
  m_PrefabAsset: {fileID: 0}
  serializedVersion: 6
  m_Component:
  - component: {fileID: 807537283768372536}
  - component: {fileID: 2347520024759611627}
  - component: {fileID: 7991130748923075160}
  - component: {fileID: 6007291356973418083}
  - component: {fileID: 364169456131974513}
  - component: {fileID: 7262806294480454494}
  - component: {fileID: 3840809919483830930}
  - component: {fileID: 2126923927476092724}
  - component: {fileID: 5660220460173627287}
  m_Layer: 0
  m_Name: ConversationEventInfo
  m_TagString: Untagged
  m_Icon: {fileID: 0}
  m_NavMeshLayer: 0
  m_StaticEditorFlags: 0
  m_IsActive: 1
--- !u!1001 &1317344448170198973
PrefabInstance:
  m_ObjectHideFlags: 0
  serializedVersion: 2
  m_Modification:
    serializedVersion: 3
    m_TransformParent: {fileID: 0}
    m_Modifications:
    - target: {fileID: 4088075754945807096, guid: 5e37f989138bd2345afa74579c3093c1,
        type: 3}
      propertyPath: m_LocalPosition.x
      value: -0.64
      objectReference: {fileID: 0}
    - target: {fileID: 4088075754945807096, guid: 5e37f989138bd2345afa74579c3093c1,
        type: 3}
      propertyPath: m_LocalPosition.y
      value: -0.78
      objectReference: {fileID: 0}
    - target: {fileID: 4088075754945807096, guid: 5e37f989138bd2345afa74579c3093c1,
        type: 3}
      propertyPath: m_LocalPosition.z
      value: 1.53
      objectReference: {fileID: 0}
    - target: {fileID: 4088075754945807096, guid: 5e37f989138bd2345afa74579c3093c1,
        type: 3}
      propertyPath: m_LocalRotation.w
      value: 1
      objectReference: {fileID: 0}
    - target: {fileID: 4088075754945807096, guid: 5e37f989138bd2345afa74579c3093c1,
        type: 3}
      propertyPath: m_LocalRotation.x
      value: 0
      objectReference: {fileID: 0}
    - target: {fileID: 4088075754945807096, guid: 5e37f989138bd2345afa74579c3093c1,
        type: 3}
      propertyPath: m_LocalRotation.y
      value: 0
      objectReference: {fileID: 0}
    - target: {fileID: 4088075754945807096, guid: 5e37f989138bd2345afa74579c3093c1,
        type: 3}
      propertyPath: m_LocalRotation.z
      value: 0
      objectReference: {fileID: 0}
    - target: {fileID: 4088075754945807096, guid: 5e37f989138bd2345afa74579c3093c1,
        type: 3}
      propertyPath: m_LocalEulerAnglesHint.x
      value: 0
      objectReference: {fileID: 0}
    - target: {fileID: 4088075754945807096, guid: 5e37f989138bd2345afa74579c3093c1,
        type: 3}
      propertyPath: m_LocalEulerAnglesHint.y
      value: 0
      objectReference: {fileID: 0}
    - target: {fileID: 4088075754945807096, guid: 5e37f989138bd2345afa74579c3093c1,
        type: 3}
      propertyPath: m_LocalEulerAnglesHint.z
      value: 0
      objectReference: {fileID: 0}
    - target: {fileID: 6898885229240309226, guid: 5e37f989138bd2345afa74579c3093c1,
        type: 3}
      propertyPath: m_Name
      value: 'Fuel Replenish Platform '
      objectReference: {fileID: 0}
    m_RemovedComponents: []
    m_RemovedGameObjects: []
    m_AddedGameObjects: []
    m_AddedComponents: []
  m_SourcePrefab: {fileID: 100100000, guid: 5e37f989138bd2345afa74579c3093c1, type: 3}
--- !u!65 &1460743501113356556
BoxCollider:
  m_ObjectHideFlags: 0
  m_CorrespondingSourceObject: {fileID: 0}
  m_PrefabInstance: {fileID: 0}
  m_PrefabAsset: {fileID: 0}
  m_GameObject: {fileID: 7861408845786323740}
  m_Material: {fileID: 0}
  m_IncludeLayers:
    serializedVersion: 2
    m_Bits: 0
  m_ExcludeLayers:
    serializedVersion: 2
    m_Bits: 0
  m_LayerOverridePriority: 0
  m_IsTrigger: 1
  m_ProvidesContacts: 0
  m_Enabled: 1
  serializedVersion: 3
  m_Size: {x: 5, y: 5, z: 5}
  m_Center: {x: 0, y: 0, z: 0}
--- !u!1001 &1708310434737223443
PrefabInstance:
  m_ObjectHideFlags: 0
  serializedVersion: 2
  m_Modification:
    serializedVersion: 3
    m_TransformParent: {fileID: 1640427242}
    m_Modifications:
    - target: {fileID: 3900108755062758285, guid: d9fa78e8c3c4f2b4b8f7f77ca8426cca,
        type: 3}
      propertyPath: m_Name
      value: ConversationManager
      objectReference: {fileID: 0}
    - target: {fileID: 3900108755196472087, guid: d9fa78e8c3c4f2b4b8f7f77ca8426cca,
        type: 3}
      propertyPath: m_Pivot.x
      value: 0.5
      objectReference: {fileID: 0}
    - target: {fileID: 3900108755196472087, guid: d9fa78e8c3c4f2b4b8f7f77ca8426cca,
        type: 3}
      propertyPath: m_Pivot.y
      value: 0.5
      objectReference: {fileID: 0}
    - target: {fileID: 3900108755196472087, guid: d9fa78e8c3c4f2b4b8f7f77ca8426cca,
        type: 3}
      propertyPath: m_AnchorMax.x
      value: 1
      objectReference: {fileID: 0}
    - target: {fileID: 3900108755196472087, guid: d9fa78e8c3c4f2b4b8f7f77ca8426cca,
        type: 3}
      propertyPath: m_AnchorMax.y
      value: 0
      objectReference: {fileID: 0}
    - target: {fileID: 3900108755196472087, guid: d9fa78e8c3c4f2b4b8f7f77ca8426cca,
        type: 3}
      propertyPath: m_AnchorMin.x
      value: 0
      objectReference: {fileID: 0}
    - target: {fileID: 3900108755196472087, guid: d9fa78e8c3c4f2b4b8f7f77ca8426cca,
        type: 3}
      propertyPath: m_AnchorMin.y
      value: 0
      objectReference: {fileID: 0}
    - target: {fileID: 3900108755196472087, guid: d9fa78e8c3c4f2b4b8f7f77ca8426cca,
        type: 3}
      propertyPath: m_SizeDelta.x
      value: 659.00024
      objectReference: {fileID: 0}
    - target: {fileID: 3900108755196472087, guid: d9fa78e8c3c4f2b4b8f7f77ca8426cca,
        type: 3}
      propertyPath: m_SizeDelta.y
      value: 188
      objectReference: {fileID: 0}
    - target: {fileID: 3900108755196472087, guid: d9fa78e8c3c4f2b4b8f7f77ca8426cca,
        type: 3}
      propertyPath: m_LocalPosition.x
      value: 0
      objectReference: {fileID: 0}
    - target: {fileID: 3900108755196472087, guid: d9fa78e8c3c4f2b4b8f7f77ca8426cca,
        type: 3}
      propertyPath: m_LocalPosition.y
      value: 0
      objectReference: {fileID: 0}
    - target: {fileID: 3900108755196472087, guid: d9fa78e8c3c4f2b4b8f7f77ca8426cca,
        type: 3}
      propertyPath: m_LocalPosition.z
      value: 0
      objectReference: {fileID: 0}
    - target: {fileID: 3900108755196472087, guid: d9fa78e8c3c4f2b4b8f7f77ca8426cca,
        type: 3}
      propertyPath: m_LocalRotation.w
      value: 1
      objectReference: {fileID: 0}
    - target: {fileID: 3900108755196472087, guid: d9fa78e8c3c4f2b4b8f7f77ca8426cca,
        type: 3}
      propertyPath: m_LocalRotation.x
      value: -0
      objectReference: {fileID: 0}
    - target: {fileID: 3900108755196472087, guid: d9fa78e8c3c4f2b4b8f7f77ca8426cca,
        type: 3}
      propertyPath: m_LocalRotation.y
      value: -0
      objectReference: {fileID: 0}
    - target: {fileID: 3900108755196472087, guid: d9fa78e8c3c4f2b4b8f7f77ca8426cca,
        type: 3}
      propertyPath: m_LocalRotation.z
      value: -0
      objectReference: {fileID: 0}
    - target: {fileID: 3900108755196472087, guid: d9fa78e8c3c4f2b4b8f7f77ca8426cca,
        type: 3}
      propertyPath: m_AnchoredPosition.x
      value: 0
      objectReference: {fileID: 0}
    - target: {fileID: 3900108755196472087, guid: d9fa78e8c3c4f2b4b8f7f77ca8426cca,
        type: 3}
      propertyPath: m_AnchoredPosition.y
      value: 94.08086
      objectReference: {fileID: 0}
    - target: {fileID: 3900108755196472087, guid: d9fa78e8c3c4f2b4b8f7f77ca8426cca,
        type: 3}
      propertyPath: m_LocalEulerAnglesHint.x
      value: 0
      objectReference: {fileID: 0}
    - target: {fileID: 3900108755196472087, guid: d9fa78e8c3c4f2b4b8f7f77ca8426cca,
        type: 3}
      propertyPath: m_LocalEulerAnglesHint.y
      value: 0
      objectReference: {fileID: 0}
    - target: {fileID: 3900108755196472087, guid: d9fa78e8c3c4f2b4b8f7f77ca8426cca,
        type: 3}
      propertyPath: m_LocalEulerAnglesHint.z
      value: 0
      objectReference: {fileID: 0}
    m_RemovedComponents: []
    m_RemovedGameObjects: []
    m_AddedGameObjects: []
    m_AddedComponents: []
  m_SourcePrefab: {fileID: 100100000, guid: d9fa78e8c3c4f2b4b8f7f77ca8426cca, type: 3}
--- !u!114 &2126923927476092724
MonoBehaviour:
  m_ObjectHideFlags: 0
  m_CorrespondingSourceObject: {fileID: 0}
  m_PrefabInstance: {fileID: 0}
  m_PrefabAsset: {fileID: 0}
  m_GameObject: {fileID: 1046937812149662231}
  m_Enabled: 1
  m_EditorHideFlags: 0
  m_Script: {fileID: 11500000, guid: 00abedce3cdbbba46bf2d86c9518c9f0, type: 3}
  m_Name: 
  m_EditorClassIdentifier: 
  Event:
    m_PersistentCalls:
      m_Calls: []
  NodeID: 7
  TMPFont: {fileID: 0}
  Icon: {fileID: 0}
  Audio: {fileID: 0}
--- !u!114 &2347520024759611627
MonoBehaviour:
  m_ObjectHideFlags: 0
  m_CorrespondingSourceObject: {fileID: 0}
  m_PrefabInstance: {fileID: 0}
  m_PrefabAsset: {fileID: 0}
  m_GameObject: {fileID: 1046937812149662231}
  m_Enabled: 1
  m_EditorHideFlags: 0
  m_Script: {fileID: 11500000, guid: 00abedce3cdbbba46bf2d86c9518c9f0, type: 3}
  m_Name: 
  m_EditorClassIdentifier: 
  Event:
    m_PersistentCalls:
      m_Calls:
      - m_Target: {fileID: 7861408845786323740}
        m_TargetAssemblyTypeName: 
        m_MethodName: 
        m_Mode: 1
        m_Arguments:
          m_ObjectArgument: {fileID: 0}
          m_ObjectArgumentAssemblyTypeName: 
          m_IntArgument: 0
          m_FloatArgument: 0
          m_StringArgument: 
          m_BoolArgument: 0
        m_CallState: 2
  NodeID: 0
  TMPFont: {fileID: 0}
  Icon: {fileID: 10913, guid: 0000000000000000f000000000000000, type: 0}
  Audio: {fileID: 0}
--- !u!114 &2919927634226551754
MonoBehaviour:
  m_ObjectHideFlags: 0
  m_CorrespondingSourceObject: {fileID: 0}
  m_PrefabInstance: {fileID: 0}
  m_PrefabAsset: {fileID: 0}
  m_GameObject: {fileID: 7861408845786323740}
  m_Enabled: 1
  m_EditorHideFlags: 0
  m_Script: {fileID: 11500000, guid: db6b0f97238f99e4dae92d7317b5242f, type: 3}
  m_Name: 
  m_EditorClassIdentifier: 
  currentConversation: {fileID: 0}
--- !u!4 &3095113763492052267
Transform:
  m_ObjectHideFlags: 0
  m_CorrespondingSourceObject: {fileID: 0}
  m_PrefabInstance: {fileID: 0}
  m_PrefabAsset: {fileID: 0}
  m_GameObject: {fileID: 7861408845786323740}
  serializedVersion: 2
  m_LocalRotation: {x: -0, y: -0, z: -0, w: 1}
  m_LocalPosition: {x: -5.89, y: -13.63, z: -0.6}
  m_LocalScale: {x: 1, y: 1, z: 1}
  m_ConstrainProportionsScale: 0
  m_Children:
  - {fileID: 807537283768372536}
  m_Father: {fileID: 5022457366335321553}
  m_LocalEulerAnglesHint: {x: 0, y: 0, z: 0}
--- !u!4 &3158826014930326339
Transform:
  m_ObjectHideFlags: 0
  m_CorrespondingSourceObject: {fileID: 0}
  m_PrefabInstance: {fileID: 0}
  m_PrefabAsset: {fileID: 0}
  m_GameObject: {fileID: 6163030870394966555}
  serializedVersion: 2
  m_LocalRotation: {x: -0, y: -0, z: -0, w: 1}
  m_LocalPosition: {x: -16.27305, y: -14.179614, z: 0.18733089}
  m_LocalScale: {x: 1, y: 1, z: 1}
  m_ConstrainProportionsScale: 0
  m_Children: []
  m_Father: {fileID: 973349450727471897}
  m_LocalEulerAnglesHint: {x: 0, y: 0, z: 0}
--- !u!1001 &3164582199505949840
PrefabInstance:
  m_ObjectHideFlags: 0
  serializedVersion: 2
  m_Modification:
    serializedVersion: 3
    m_TransformParent: {fileID: 0}
    m_Modifications:
    - target: {fileID: 1077245098032927493, guid: 2fe7408dac0bfcf49900ec450abc7295,
        type: 3}
      propertyPath: m_AnchorMax.y
      value: 0
      objectReference: {fileID: 0}
    - target: {fileID: 4201710667319978827, guid: 2fe7408dac0bfcf49900ec450abc7295,
        type: 3}
      propertyPath: m_Name
      value: GameManager
      objectReference: {fileID: 0}
    - target: {fileID: 6846188703586929057, guid: 2fe7408dac0bfcf49900ec450abc7295,
        type: 3}
      propertyPath: m_AnchorMax.y
      value: 0
      objectReference: {fileID: 0}
    - target: {fileID: 7192737945962550003, guid: 2fe7408dac0bfcf49900ec450abc7295,
        type: 3}
      propertyPath: m_LocalPosition.x
      value: -0.85445356
      objectReference: {fileID: 0}
    - target: {fileID: 7192737945962550003, guid: 2fe7408dac0bfcf49900ec450abc7295,
        type: 3}
      propertyPath: m_LocalPosition.y
      value: 3.1513767
      objectReference: {fileID: 0}
    - target: {fileID: 7192737945962550003, guid: 2fe7408dac0bfcf49900ec450abc7295,
        type: 3}
      propertyPath: m_LocalPosition.z
      value: -13.064846
      objectReference: {fileID: 0}
    - target: {fileID: 7192737945962550003, guid: 2fe7408dac0bfcf49900ec450abc7295,
        type: 3}
      propertyPath: m_LocalRotation.w
      value: 1
      objectReference: {fileID: 0}
    - target: {fileID: 7192737945962550003, guid: 2fe7408dac0bfcf49900ec450abc7295,
        type: 3}
      propertyPath: m_LocalRotation.x
      value: 0
      objectReference: {fileID: 0}
    - target: {fileID: 7192737945962550003, guid: 2fe7408dac0bfcf49900ec450abc7295,
        type: 3}
      propertyPath: m_LocalRotation.y
      value: 0
      objectReference: {fileID: 0}
    - target: {fileID: 7192737945962550003, guid: 2fe7408dac0bfcf49900ec450abc7295,
        type: 3}
      propertyPath: m_LocalRotation.z
      value: 0
      objectReference: {fileID: 0}
    - target: {fileID: 7192737945962550003, guid: 2fe7408dac0bfcf49900ec450abc7295,
        type: 3}
      propertyPath: m_LocalEulerAnglesHint.x
      value: 0
      objectReference: {fileID: 0}
    - target: {fileID: 7192737945962550003, guid: 2fe7408dac0bfcf49900ec450abc7295,
        type: 3}
      propertyPath: m_LocalEulerAnglesHint.y
      value: 0
      objectReference: {fileID: 0}
    - target: {fileID: 7192737945962550003, guid: 2fe7408dac0bfcf49900ec450abc7295,
        type: 3}
      propertyPath: m_LocalEulerAnglesHint.z
      value: 0
      objectReference: {fileID: 0}
    m_RemovedComponents: []
    m_RemovedGameObjects: []
    m_AddedGameObjects: []
    m_AddedComponents: []
  m_SourcePrefab: {fileID: 100100000, guid: 2fe7408dac0bfcf49900ec450abc7295, type: 3}
--- !u!1001 &3167262753292768244
PrefabInstance:
  m_ObjectHideFlags: 0
  serializedVersion: 2
  m_Modification:
    serializedVersion: 3
    m_TransformParent: {fileID: 0}
    m_Modifications:
    - target: {fileID: 7674411076725426785, guid: 402e66aec4e52564892c3cabd94175fd,
        type: 3}
      propertyPath: m_LocalPosition.x
      value: 0
      objectReference: {fileID: 0}
    - target: {fileID: 7674411076725426785, guid: 402e66aec4e52564892c3cabd94175fd,
        type: 3}
      propertyPath: m_LocalPosition.y
      value: 0.38
      objectReference: {fileID: 0}
    - target: {fileID: 7674411076725426785, guid: 402e66aec4e52564892c3cabd94175fd,
        type: 3}
      propertyPath: m_LocalPosition.z
      value: 0
      objectReference: {fileID: 0}
    - target: {fileID: 7674411076725426785, guid: 402e66aec4e52564892c3cabd94175fd,
        type: 3}
      propertyPath: m_LocalRotation.w
      value: 1
      objectReference: {fileID: 0}
    - target: {fileID: 7674411076725426785, guid: 402e66aec4e52564892c3cabd94175fd,
        type: 3}
      propertyPath: m_LocalRotation.x
      value: 0
      objectReference: {fileID: 0}
    - target: {fileID: 7674411076725426785, guid: 402e66aec4e52564892c3cabd94175fd,
        type: 3}
      propertyPath: m_LocalRotation.y
      value: 0
      objectReference: {fileID: 0}
    - target: {fileID: 7674411076725426785, guid: 402e66aec4e52564892c3cabd94175fd,
        type: 3}
      propertyPath: m_LocalRotation.z
      value: 0
      objectReference: {fileID: 0}
    - target: {fileID: 7674411076725426785, guid: 402e66aec4e52564892c3cabd94175fd,
        type: 3}
      propertyPath: m_LocalEulerAnglesHint.x
      value: 0
      objectReference: {fileID: 0}
    - target: {fileID: 7674411076725426785, guid: 402e66aec4e52564892c3cabd94175fd,
        type: 3}
      propertyPath: m_LocalEulerAnglesHint.y
      value: 0
      objectReference: {fileID: 0}
    - target: {fileID: 7674411076725426785, guid: 402e66aec4e52564892c3cabd94175fd,
        type: 3}
      propertyPath: m_LocalEulerAnglesHint.z
      value: 0
      objectReference: {fileID: 0}
    - target: {fileID: 8955724631696337184, guid: 402e66aec4e52564892c3cabd94175fd,
        type: 3}
      propertyPath: m_Name
      value: Player
      objectReference: {fileID: 0}
    m_RemovedComponents: []
    m_RemovedGameObjects: []
    m_AddedGameObjects: []
    m_AddedComponents: []
  m_SourcePrefab: {fileID: 100100000, guid: 402e66aec4e52564892c3cabd94175fd, type: 3}
--- !u!114 &3696539211460391795
MonoBehaviour:
  m_ObjectHideFlags: 0
  m_CorrespondingSourceObject: {fileID: 0}
  m_PrefabInstance: {fileID: 0}
  m_PrefabAsset: {fileID: 0}
  m_GameObject: {fileID: 6163030870394966555}
  m_Enabled: 1
  m_EditorHideFlags: 0
  m_Script: {fileID: 11500000, guid: 00abedce3cdbbba46bf2d86c9518c9f0, type: 3}
  m_Name: 
  m_EditorClassIdentifier: 
  Event:
    m_PersistentCalls:
      m_Calls: []
  NodeID: 4
  TMPFont: {fileID: 0}
  Icon: {fileID: 10913, guid: 0000000000000000f000000000000000, type: 0}
  Audio: {fileID: 0}
--- !u!114 &3840809919483830930
MonoBehaviour:
  m_ObjectHideFlags: 0
  m_CorrespondingSourceObject: {fileID: 0}
  m_PrefabInstance: {fileID: 0}
  m_PrefabAsset: {fileID: 0}
  m_GameObject: {fileID: 1046937812149662231}
  m_Enabled: 1
  m_EditorHideFlags: 0
  m_Script: {fileID: 11500000, guid: 00abedce3cdbbba46bf2d86c9518c9f0, type: 3}
  m_Name: 
  m_EditorClassIdentifier: 
  Event:
    m_PersistentCalls:
      m_Calls:
      - m_Target: {fileID: 4236136811092369517}
        m_TargetAssemblyTypeName: ConversationTrigger, Assembly-CSharp
        m_MethodName: StartConversation
        m_Mode: 1
        m_Arguments:
          m_ObjectArgument: {fileID: 0}
          m_ObjectArgumentAssemblyTypeName: UnityEngine.Object, UnityEngine
          m_IntArgument: 0
          m_FloatArgument: 0
          m_StringArgument: 
          m_BoolArgument: 0
        m_CallState: 2
      - m_Target: {fileID: 0}
        m_TargetAssemblyTypeName: UnityEngine.GameObject, UnityEngine
        m_MethodName: SetActive
        m_Mode: 6
        m_Arguments:
          m_ObjectArgument: {fileID: 0}
          m_ObjectArgumentAssemblyTypeName: UnityEngine.Object, UnityEngine
          m_IntArgument: 0
          m_FloatArgument: 0
          m_StringArgument: 
          m_BoolArgument: 0
        m_CallState: 2
  NodeID: 6
  TMPFont: {fileID: 0}
  Icon: {fileID: 0}
  Audio: {fileID: 0}
--- !u!114 &4236136811092369517
MonoBehaviour:
  m_ObjectHideFlags: 0
  m_CorrespondingSourceObject: {fileID: 0}
  m_PrefabInstance: {fileID: 0}
  m_PrefabAsset: {fileID: 0}
  m_GameObject: {fileID: 5793765204303831620}
  m_Enabled: 1
  m_EditorHideFlags: 0
  m_Script: {fileID: 11500000, guid: db6b0f97238f99e4dae92d7317b5242f, type: 3}
  m_Name: 
  m_EditorClassIdentifier: 
  currentConversation: {fileID: 0}
--- !u!65 &4363096454068530361
BoxCollider:
  m_ObjectHideFlags: 0
  m_CorrespondingSourceObject: {fileID: 0}
  m_PrefabInstance: {fileID: 0}
  m_PrefabAsset: {fileID: 0}
  m_GameObject: {fileID: 5793765204303831620}
  m_Material: {fileID: 0}
  m_IncludeLayers:
    serializedVersion: 2
    m_Bits: 0
  m_ExcludeLayers:
    serializedVersion: 2
    m_Bits: 0
  m_LayerOverridePriority: 0
  m_IsTrigger: 1
  m_ProvidesContacts: 0
  m_Enabled: 1
  serializedVersion: 3
  m_Size: {x: 1, y: 1, z: 1}
  m_Center: {x: 0, y: 0, z: 0}
--- !u!114 &4478665084754128451
MonoBehaviour:
  m_ObjectHideFlags: 0
  m_CorrespondingSourceObject: {fileID: 0}
  m_PrefabInstance: {fileID: 0}
  m_PrefabAsset: {fileID: 0}
  m_GameObject: {fileID: 6163030870394966555}
  m_Enabled: 1
  m_EditorHideFlags: 0
  m_Script: {fileID: 11500000, guid: 00abedce3cdbbba46bf2d86c9518c9f0, type: 3}
  m_Name: 
  m_EditorClassIdentifier: 
  Event:
    m_PersistentCalls:
      m_Calls: []
  NodeID: 3
  TMPFont: {fileID: 0}
  Icon: {fileID: 10913, guid: 0000000000000000f000000000000000, type: 0}
  Audio: {fileID: 0}
--- !u!4 &5022457366335321553
Transform:
  m_ObjectHideFlags: 0
  m_CorrespondingSourceObject: {fileID: 0}
  m_PrefabInstance: {fileID: 0}
  m_PrefabAsset: {fileID: 0}
  m_GameObject: {fileID: 266318492665166676}
  serializedVersion: 2
  m_LocalRotation: {x: 0, y: 0, z: 0, w: 1}
  m_LocalPosition: {x: 15.37, y: 14.179614, z: -0.18733089}
  m_LocalScale: {x: 1, y: 1, z: 1}
  m_ConstrainProportionsScale: 0
  m_Children:
  - {fileID: 3095113763492052267}
  - {fileID: 973349450727471897}
  m_Father: {fileID: 0}
  m_LocalEulerAnglesHint: {x: 0, y: 0, z: 0}
--- !u!1001 &5157530964754620097
PrefabInstance:
  m_ObjectHideFlags: 0
  serializedVersion: 2
  m_Modification:
    serializedVersion: 3
    m_TransformParent: {fileID: 0}
    m_Modifications:
    - target: {fileID: 2040604162317180904, guid: 9b1a80b8e4b7a30409d13bcd1d989ecc,
        type: 3}
      propertyPath: _levelName
      value: L 1
      objectReference: {fileID: 0}
    - target: {fileID: 3572534060469481849, guid: 9b1a80b8e4b7a30409d13bcd1d989ecc,
        type: 3}
      propertyPath: m_Mesh
      value: 
      objectReference: {fileID: 0}
    - target: {fileID: 4567733678745433417, guid: 9b1a80b8e4b7a30409d13bcd1d989ecc,
        type: 3}
      propertyPath: m_TagString
      value: Ground
      objectReference: {fileID: 0}
    - target: {fileID: 4665283914022974452, guid: 9b1a80b8e4b7a30409d13bcd1d989ecc,
        type: 3}
      propertyPath: m_Name
      value: Level Finish Platform
      objectReference: {fileID: 0}
    - target: {fileID: 6465800846684544700, guid: 9b1a80b8e4b7a30409d13bcd1d989ecc,
        type: 3}
      propertyPath: m_LocalPosition.x
      value: 57.93
      objectReference: {fileID: 0}
    - target: {fileID: 6465800846684544700, guid: 9b1a80b8e4b7a30409d13bcd1d989ecc,
        type: 3}
      propertyPath: m_LocalPosition.y
      value: -0.78
      objectReference: {fileID: 0}
    - target: {fileID: 6465800846684544700, guid: 9b1a80b8e4b7a30409d13bcd1d989ecc,
        type: 3}
      propertyPath: m_LocalPosition.z
      value: 1.53
      objectReference: {fileID: 0}
    - target: {fileID: 6465800846684544700, guid: 9b1a80b8e4b7a30409d13bcd1d989ecc,
        type: 3}
      propertyPath: m_LocalRotation.w
      value: 1
      objectReference: {fileID: 0}
    - target: {fileID: 6465800846684544700, guid: 9b1a80b8e4b7a30409d13bcd1d989ecc,
        type: 3}
      propertyPath: m_LocalRotation.x
      value: 0
      objectReference: {fileID: 0}
    - target: {fileID: 6465800846684544700, guid: 9b1a80b8e4b7a30409d13bcd1d989ecc,
        type: 3}
      propertyPath: m_LocalRotation.y
      value: 0
      objectReference: {fileID: 0}
    - target: {fileID: 6465800846684544700, guid: 9b1a80b8e4b7a30409d13bcd1d989ecc,
        type: 3}
      propertyPath: m_LocalRotation.z
      value: 0
      objectReference: {fileID: 0}
    - target: {fileID: 6465800846684544700, guid: 9b1a80b8e4b7a30409d13bcd1d989ecc,
        type: 3}
      propertyPath: m_LocalEulerAnglesHint.x
      value: 0
      objectReference: {fileID: 0}
    - target: {fileID: 6465800846684544700, guid: 9b1a80b8e4b7a30409d13bcd1d989ecc,
        type: 3}
      propertyPath: m_LocalEulerAnglesHint.y
      value: 0
      objectReference: {fileID: 0}
    - target: {fileID: 6465800846684544700, guid: 9b1a80b8e4b7a30409d13bcd1d989ecc,
        type: 3}
      propertyPath: m_LocalEulerAnglesHint.z
      value: 0
      objectReference: {fileID: 0}
    - target: {fileID: 8017649911825191631, guid: 9b1a80b8e4b7a30409d13bcd1d989ecc,
        type: 3}
      propertyPath: m_Mesh
      value: 
      objectReference: {fileID: 0}
    - target: {fileID: 8235955467455107442, guid: 9b1a80b8e4b7a30409d13bcd1d989ecc,
        type: 3}
      propertyPath: m_Materials.Array.data[0]
      value: 
      objectReference: {fileID: 2100000, guid: 950cc6db78cd415438145efd9ac56587, type: 2}
    - target: {fileID: 8959603908229315849, guid: 9b1a80b8e4b7a30409d13bcd1d989ecc,
        type: 3}
      propertyPath: m_Materials.Array.data[0]
      value: 
      objectReference: {fileID: 2100000, guid: b9cd10398e103c9428e11cf5c37ad1fd, type: 2}
    m_RemovedComponents: []
    m_RemovedGameObjects: []
    m_AddedGameObjects: []
    m_AddedComponents:
    - targetCorrespondingSourceObject: {fileID: 4567733678745433417, guid: 9b1a80b8e4b7a30409d13bcd1d989ecc,
        type: 3}
      insertIndex: -1
      addedObject: {fileID: 930710055}
    - targetCorrespondingSourceObject: {fileID: 1449458703340042395, guid: 9b1a80b8e4b7a30409d13bcd1d989ecc,
        type: 3}
      insertIndex: -1
      addedObject: {fileID: 0}
    - targetCorrespondingSourceObject: {fileID: 3523990538820529073, guid: 9b1a80b8e4b7a30409d13bcd1d989ecc,
        type: 3}
      insertIndex: -1
      addedObject: {fileID: 0}
    - targetCorrespondingSourceObject: {fileID: 5470398699886727899, guid: 9b1a80b8e4b7a30409d13bcd1d989ecc,
        type: 3}
      insertIndex: -1
      addedObject: {fileID: 0}
  m_SourcePrefab: {fileID: 100100000, guid: 9b1a80b8e4b7a30409d13bcd1d989ecc, type: 3}
--- !u!114 &5267459972786538559
MonoBehaviour:
  m_ObjectHideFlags: 0
  m_CorrespondingSourceObject: {fileID: 0}
  m_PrefabInstance: {fileID: 0}
  m_PrefabAsset: {fileID: 0}
  m_GameObject: {fileID: 6163030870394966555}
  m_Enabled: 1
  m_EditorHideFlags: 0
  m_Script: {fileID: 11500000, guid: 00abedce3cdbbba46bf2d86c9518c9f0, type: 3}
  m_Name: 
  m_EditorClassIdentifier: 
  Event:
    m_PersistentCalls:
      m_Calls: []
  NodeID: 0
  TMPFont: {fileID: 0}
  Icon: {fileID: 0}
  Audio: {fileID: 0}
--- !u!114 &5660220460173627287
MonoBehaviour:
  m_ObjectHideFlags: 0
  m_CorrespondingSourceObject: {fileID: 0}
  m_PrefabInstance: {fileID: 0}
  m_PrefabAsset: {fileID: 0}
  m_GameObject: {fileID: 1046937812149662231}
  m_Enabled: 1
  m_EditorHideFlags: 0
  m_Script: {fileID: 11500000, guid: 00abedce3cdbbba46bf2d86c9518c9f0, type: 3}
  m_Name: 
  m_EditorClassIdentifier: 
  Event:
    m_PersistentCalls:
      m_Calls:
      - m_Target: {fileID: 0}
        m_TargetAssemblyTypeName: UnityEngine.GameObject, UnityEngine
        m_MethodName: SetActive
        m_Mode: 6
        m_Arguments:
          m_ObjectArgument: {fileID: 0}
          m_ObjectArgumentAssemblyTypeName: UnityEngine.Object, UnityEngine
          m_IntArgument: 0
          m_FloatArgument: 0
          m_StringArgument: 
          m_BoolArgument: 0
        m_CallState: 2
  NodeID: 8
  TMPFont: {fileID: 0}
  Icon: {fileID: 0}
  Audio: {fileID: 0}
--- !u!1 &5793765204303831620
GameObject:
  m_ObjectHideFlags: 0
  m_CorrespondingSourceObject: {fileID: 0}
  m_PrefabInstance: {fileID: 0}
  m_PrefabAsset: {fileID: 0}
  serializedVersion: 6
  m_Component:
  - component: {fileID: 973349450727471897}
  - component: {fileID: 7553423218469999323}
  - component: {fileID: 4236136811092369517}
  - component: {fileID: 4363096454068530361}
  m_Layer: 0
  m_Name: Tutorial
  m_TagString: Untagged
  m_Icon: {fileID: 0}
  m_NavMeshLayer: 0
  m_StaticEditorFlags: 0
  m_IsActive: 1
--- !u!114 &6007291356973418083
MonoBehaviour:
  m_ObjectHideFlags: 0
  m_CorrespondingSourceObject: {fileID: 0}
  m_PrefabInstance: {fileID: 0}
  m_PrefabAsset: {fileID: 0}
  m_GameObject: {fileID: 1046937812149662231}
  m_Enabled: 1
  m_EditorHideFlags: 0
  m_Script: {fileID: 11500000, guid: 00abedce3cdbbba46bf2d86c9518c9f0, type: 3}
  m_Name: 
  m_EditorClassIdentifier: 
  Event:
    m_PersistentCalls:
      m_Calls: []
  NodeID: 2
  TMPFont: {fileID: 0}
  Icon: {fileID: 10913, guid: 0000000000000000f000000000000000, type: 0}
  Audio: {fileID: 0}
--- !u!1 &6163030870394966555
GameObject:
  m_ObjectHideFlags: 0
  m_CorrespondingSourceObject: {fileID: 0}
  m_PrefabInstance: {fileID: 0}
  m_PrefabAsset: {fileID: 0}
  serializedVersion: 6
  m_Component:
  - component: {fileID: 3158826014930326339}
  - component: {fileID: 5267459972786538559}
  - component: {fileID: 7130807897861013492}
  - component: {fileID: 4478665084754128451}
  - component: {fileID: 3696539211460391795}
  - component: {fileID: 8653018460374821476}
  - component: {fileID: 7198355971922959768}
  m_Layer: 0
  m_Name: ConversationEventInfo
  m_TagString: Untagged
  m_Icon: {fileID: 0}
  m_NavMeshLayer: 0
  m_StaticEditorFlags: 0
  m_IsActive: 1
--- !u!114 &7130807897861013492
MonoBehaviour:
  m_ObjectHideFlags: 0
  m_CorrespondingSourceObject: {fileID: 0}
  m_PrefabInstance: {fileID: 0}
  m_PrefabAsset: {fileID: 0}
  m_GameObject: {fileID: 6163030870394966555}
  m_Enabled: 1
  m_EditorHideFlags: 0
  m_Script: {fileID: 11500000, guid: 00abedce3cdbbba46bf2d86c9518c9f0, type: 3}
  m_Name: 
  m_EditorClassIdentifier: 
  Event:
    m_PersistentCalls:
      m_Calls: []
  NodeID: 1
  TMPFont: {fileID: 0}
  Icon: {fileID: 10913, guid: 0000000000000000f000000000000000, type: 0}
  Audio: {fileID: 0}
--- !u!114 &7198355971922959768
MonoBehaviour:
  m_ObjectHideFlags: 0
  m_CorrespondingSourceObject: {fileID: 0}
  m_PrefabInstance: {fileID: 0}
  m_PrefabAsset: {fileID: 0}
  m_GameObject: {fileID: 6163030870394966555}
  m_Enabled: 1
  m_EditorHideFlags: 0
  m_Script: {fileID: 11500000, guid: 00abedce3cdbbba46bf2d86c9518c9f0, type: 3}
  m_Name: 
  m_EditorClassIdentifier: 
  Event:
    m_PersistentCalls:
      m_Calls: []
  NodeID: 6
  TMPFont: {fileID: 0}
  Icon: {fileID: 10913, guid: 0000000000000000f000000000000000, type: 0}
  Audio: {fileID: 0}
--- !u!114 &7262806294480454494
MonoBehaviour:
  m_ObjectHideFlags: 0
  m_CorrespondingSourceObject: {fileID: 0}
  m_PrefabInstance: {fileID: 0}
  m_PrefabAsset: {fileID: 0}
  m_GameObject: {fileID: 1046937812149662231}
  m_Enabled: 1
  m_EditorHideFlags: 0
  m_Script: {fileID: 11500000, guid: 00abedce3cdbbba46bf2d86c9518c9f0, type: 3}
  m_Name: 
  m_EditorClassIdentifier: 
  Event:
    m_PersistentCalls:
      m_Calls:
      - m_Target: {fileID: 4236136811092369517}
        m_TargetAssemblyTypeName: ConversationTrigger, Assembly-CSharp
        m_MethodName: StartConversation
        m_Mode: 1
        m_Arguments:
          m_ObjectArgument: {fileID: 0}
          m_ObjectArgumentAssemblyTypeName: UnityEngine.Object, UnityEngine
          m_IntArgument: 0
          m_FloatArgument: 0
          m_StringArgument: 
          m_BoolArgument: 1
        m_CallState: 2
      - m_Target: {fileID: 0}
        m_TargetAssemblyTypeName: UnityEngine.GameObject, UnityEngine
        m_MethodName: SetActive
        m_Mode: 6
        m_Arguments:
          m_ObjectArgument: {fileID: 0}
          m_ObjectArgumentAssemblyTypeName: UnityEngine.Object, UnityEngine
          m_IntArgument: 0
          m_FloatArgument: 0
          m_StringArgument: 
          m_BoolArgument: 0
        m_CallState: 2
  NodeID: 5
  TMPFont: {fileID: 0}
  Icon: {fileID: 0}
  Audio: {fileID: 0}
--- !u!114 &7553423218469999323
MonoBehaviour:
  m_ObjectHideFlags: 0
  m_CorrespondingSourceObject: {fileID: 0}
  m_PrefabInstance: {fileID: 0}
  m_PrefabAsset: {fileID: 0}
  m_GameObject: {fileID: 5793765204303831620}
  m_Enabled: 1
  m_EditorHideFlags: 0
  m_Script: {fileID: 11500000, guid: 83189876d4d389f43b7dd2e925aa112e, type: 3}
  m_Name: 
  m_EditorClassIdentifier: 
  CurrentIDCounter: 7
  json: "{\"Options\":[],\"Parameters\":[],\"SpeechNodes\":[{\"Connections\":[{\"__type\":\"EditableSpeechConnection:#DialogueEditor\",\"Conditions\":[],\"NodeUID\":6}],\"EditorInfo\":{\"isRoot\":true,\"xPos\":439.5,\"yPos\":22},\"ID\":0,\"ParamActions\":[],\"TMPFontGUID\":null,\"Text\":\"\",\"parentUIDs\":[],\"AdvanceDialogueAutomatically\":true,\"AudioGUID\":null,\"AutoAdvanceShouldDisplayOption\":false,\"IconGUID\":null,\"Name\":\"\",\"OptionUIDs\":null,\"SpeechUID\":0,\"TimeUntilAdvance\":0.1,\"Volume\":0},{\"Connections\":[{\"__type\":\"EditableSpeechConnection:#DialogueEditor\",\"Conditions\":[],\"NodeUID\":3}],\"EditorInfo\":{\"isRoot\":false,\"xPos\":438.142883,\"yPos\":330.856873},\"ID\":1,\"ParamActions\":[],\"TMPFontGUID\":null,\"Text\":\"Use
    the buttons labelled Q and E on your command center to control the thrusters
    of your ship \",\"parentUIDs\":[6],\"AdvanceDialogueAutomatically\":false,\"AudioGUID\":null,\"AutoAdvanceShouldDisplayOption\":false,\"IconGUID\":null,\"Name\":\"A.I.\",\"OptionUIDs\":null,\"SpeechUID\":0,\"TimeUntilAdvance\":0.1,\"Volume\":0},{\"Connections\":[{\"__type\":\"EditableSpeechConnection:#DialogueEditor\",\"Conditions\":[],\"NodeUID\":4}],\"EditorInfo\":{\"isRoot\":false,\"xPos\":422.7143,\"yPos\":460.571869},\"ID\":3,\"ParamActions\":[],\"TMPFontGUID\":null,\"Text\":\"Your
    goal is to Get the ship to the other platform \",\"parentUIDs\":[1],\"AdvanceDialogueAutomatically\":false,\"AudioGUID\":null,\"AutoAdvanceShouldDisplayOption\":false,\"IconGUID\":null,\"Name\":\"A.I.\",\"OptionUIDs\":null,\"SpeechUID\":0,\"TimeUntilAdvance\":0,\"Volume\":0},{\"Connections\":[{\"__type\":\"EditableSpeechConnection:#DialogueEditor\",\"Conditions\":[],\"NodeUID\":5}],\"EditorInfo\":{\"isRoot\":false,\"xPos\":425.571472,\"yPos\":569.7137},\"ID\":4,\"ParamActions\":[],\"TMPFontGUID\":null,\"Text\":\"Simple
    right? \",\"parentUIDs\":[3],\"AdvanceDialogueAutomatically\":false,\"AudioGUID\":null,\"AutoAdvanceShouldDisplayOption\":false,\"IconGUID\":null,\"Name\":\"A.I.\",\"OptionUIDs\":null,\"SpeechUID\":0,\"TimeUntilAdvance\":0,\"Volume\":0},{\"Connections\":[],\"EditorInfo\":{\"isRoot\":false,\"xPos\":416.657166,\"yPos\":667.5409},\"ID\":5,\"ParamActions\":[],\"TMPFontGUID\":null,\"Text\":\"-\\/\\/
    tRY nOt tO DiE oN yOuR fIrST tRy\u2026 Hehe \\\\\\\\-\",\"parentUIDs\":[4],\"AdvanceDialogueAutomatically\":false,\"AudioGUID\":null,\"AutoAdvanceShouldDisplayOption\":false,\"IconGUID\":null,\"Name\":\"A.i..\",\"OptionUIDs\":null,\"SpeechUID\":0,\"TimeUntilAdvance\":0,\"Volume\":0},{\"Connections\":[{\"__type\":\"EditableSpeechConnection:#DialogueEditor\",\"Conditions\":[],\"NodeUID\":1}],\"EditorInfo\":{\"isRoot\":false,\"xPos\":438.142822,\"yPos\":204},\"ID\":6,\"ParamActions\":[],\"TMPFontGUID\":null,\"Text\":\"Great
    then let\u2019s get started \",\"parentUIDs\":[0],\"AdvanceDialogueAutomatically\":false,\"AudioGUID\":null,\"AutoAdvanceShouldDisplayOption\":false,\"IconGUID\":null,\"Name\":\"A.I.\",\"OptionUIDs\":null,\"SpeechUID\":0,\"TimeUntilAdvance\":0,\"Volume\":0}]}"
  saveVersion: 110
  DefaultName: 
  DefaultSprite: {fileID: 0}
  DefaultFont: {fileID: 0}
  NodeSerializedDataList:
  - {fileID: 5267459972786538559}
  - {fileID: 7130807897861013492}
  - {fileID: 4478665084754128451}
  - {fileID: 3696539211460391795}
  - {fileID: 8653018460374821476}
  - {fileID: 7198355971922959768}
  ContinueFont: {fileID: 0}
  EndConversationFont: {fileID: 0}
  Event:
    m_PersistentCalls:
      m_Calls: []
--- !u!1 &7861408845786323740
GameObject:
  m_ObjectHideFlags: 0
  m_CorrespondingSourceObject: {fileID: 0}
  m_PrefabInstance: {fileID: 0}
  m_PrefabAsset: {fileID: 0}
  serializedVersion: 6
  m_Component:
  - component: {fileID: 3095113763492052267}
  - component: {fileID: 274176909134750030}
  - component: {fileID: 2919927634226551754}
  - component: {fileID: 1460743501113356556}
  m_Layer: 0
  m_Name: Intro
  m_TagString: IntroScript
  m_Icon: {fileID: 0}
  m_NavMeshLayer: 0
  m_StaticEditorFlags: 0
  m_IsActive: 1
--- !u!114 &7991130748923075160
MonoBehaviour:
  m_ObjectHideFlags: 0
  m_CorrespondingSourceObject: {fileID: 0}
  m_PrefabInstance: {fileID: 0}
  m_PrefabAsset: {fileID: 0}
  m_GameObject: {fileID: 1046937812149662231}
  m_Enabled: 1
  m_EditorHideFlags: 0
  m_Script: {fileID: 11500000, guid: 00abedce3cdbbba46bf2d86c9518c9f0, type: 3}
  m_Name: 
  m_EditorClassIdentifier: 
  Event:
    m_PersistentCalls:
      m_Calls: []
  NodeID: 1
  TMPFont: {fileID: 0}
  Icon: {fileID: 10913, guid: 0000000000000000f000000000000000, type: 0}
  Audio: {fileID: 0}
--- !u!114 &8653018460374821476
MonoBehaviour:
  m_ObjectHideFlags: 0
  m_CorrespondingSourceObject: {fileID: 0}
  m_PrefabInstance: {fileID: 0}
  m_PrefabAsset: {fileID: 0}
  m_GameObject: {fileID: 6163030870394966555}
  m_Enabled: 1
  m_EditorHideFlags: 0
  m_Script: {fileID: 11500000, guid: 00abedce3cdbbba46bf2d86c9518c9f0, type: 3}
  m_Name: 
  m_EditorClassIdentifier: 
  Event:
    m_PersistentCalls:
      m_Calls:
      - m_Target: {fileID: 113638234}
        m_TargetAssemblyTypeName: GameManager, Assembly-CSharp
        m_MethodName: EndDialogue
        m_Mode: 1
        m_Arguments:
          m_ObjectArgument: {fileID: 0}
          m_ObjectArgumentAssemblyTypeName: UnityEngine.Object, UnityEngine
          m_IntArgument: 0
          m_FloatArgument: 0
          m_StringArgument: 
          m_BoolArgument: 0
        m_CallState: 2
  NodeID: 5
  TMPFont: {fileID: 0}
  Icon: {fileID: 10913, guid: 0000000000000000f000000000000000, type: 0}
  Audio: {fileID: 0}
--- !u!1660057539 &9223372036854775807
SceneRoots:
  m_ObjectHideFlags: 0
  m_Roots:
  - {fileID: 410087041}
  - {fileID: 3167262753292768244}
  - {fileID: 330220092075152490}
  - {fileID: 3164582199505949840}
  - {fileID: 1317344448170198973}
  - {fileID: 5157530964754620097}
  - {fileID: 2029982749}
  - {fileID: 1657849030}
  - {fileID: 843067733}
  - {fileID: 795678743}
  - {fileID: 1909983084}
  - {fileID: 1640427242}
  - {fileID: 5022457366335321553}
