%YAML 1.1
%TAG !u! tag:unity3d.com,2011:
--- !u!1 &2209419636619876039
GameObject:
  m_ObjectHideFlags: 0
  m_CorrespondingSourceObject: {fileID: 0}
  m_PrefabInstance: {fileID: 0}
  m_PrefabAsset: {fileID: 0}
  serializedVersion: 6
  m_Component:
  - component: {fileID: 998431435193698653}
  - component: {fileID: 7406946460876719807}
  - component: {fileID: 3083785517650800051}
  m_Layer: 0
  m_Name: Cylinder
  m_TagString: Untagged
  m_Icon: {fileID: 0}
  m_NavMeshLayer: 0
  m_StaticEditorFlags: 0
  m_IsActive: 1
--- !u!4 &998431435193698653
Transform:
  m_ObjectHideFlags: 0
  m_CorrespondingSourceObject: {fileID: 0}
  m_PrefabInstance: {fileID: 0}
  m_PrefabAsset: {fileID: 0}
  m_GameObject: {fileID: 2209419636619876039}
  serializedVersion: 2
  m_LocalRotation: {x: -0, y: -0, z: -0, w: 1}
  m_LocalPosition: {x: 0, y: -0.5, z: 0}
  m_LocalScale: {x: 1, y: 0.5, z: 1}
  m_ConstrainProportionsScale: 0
  m_Children: []
  m_Father: {fileID: 789246703441615931}
  m_LocalEulerAnglesHint: {x: 0, y: 0, z: 0}
--- !u!33 &7406946460876719807
MeshFilter:
  m_ObjectHideFlags: 0
  m_CorrespondingSourceObject: {fileID: 0}
  m_PrefabInstance: {fileID: 0}
  m_PrefabAsset: {fileID: 0}
  m_GameObject: {fileID: 2209419636619876039}
  m_Mesh: {fileID: 10206, guid: 0000000000000000e000000000000000, type: 0}
--- !u!23 &3083785517650800051
MeshRenderer:
  m_ObjectHideFlags: 0
  m_CorrespondingSourceObject: {fileID: 0}
  m_PrefabInstance: {fileID: 0}
  m_PrefabAsset: {fileID: 0}
  m_GameObject: {fileID: 2209419636619876039}
  m_Enabled: 1
  m_CastShadows: 1
  m_ReceiveShadows: 1
  m_DynamicOccludee: 1
  m_StaticShadowCaster: 0
  m_MotionVectors: 1
  m_LightProbeUsage: 1
  m_ReflectionProbeUsage: 1
  m_RayTracingMode: 2
  m_RayTraceProcedural: 0
  m_RenderingLayerMask: 1
  m_RendererPriority: 0
  m_Materials:
  - {fileID: 2100000, guid: 6eb950a213b1a0642aec1b8b7d0df1f0, type: 2}
  m_StaticBatchInfo:
    firstSubMesh: 0
    subMeshCount: 0
  m_StaticBatchRoot: {fileID: 0}
  m_ProbeAnchor: {fileID: 0}
  m_LightProbeVolumeOverride: {fileID: 0}
  m_ScaleInLightmap: 1
  m_ReceiveGI: 1
  m_PreserveUVs: 0
  m_IgnoreNormalsForChartDetection: 0
  m_ImportantGI: 0
  m_StitchLightmapSeams: 1
  m_SelectedEditorRenderState: 3
  m_MinimumChartSize: 4
  m_AutoUVMaxDistance: 0.5
  m_AutoUVMaxAngle: 89
  m_LightmapParameters: {fileID: 0}
  m_SortingLayerID: 0
  m_SortingLayer: 0
  m_SortingOrder: 0
  m_AdditionalVertexStreams: {fileID: 0}
--- !u!1 &7831348282253605605
GameObject:
  m_ObjectHideFlags: 0
  m_CorrespondingSourceObject: {fileID: 0}
  m_PrefabInstance: {fileID: 0}
  m_PrefabAsset: {fileID: 0}
  serializedVersion: 6
  m_Component:
  - component: {fileID: 1157770361386687404}
  - component: {fileID: 7572122132479609696}
  - component: {fileID: 8613975975990224996}
  - component: {fileID: 8165348323005243881}
  m_Layer: 0
  m_Name: Lazer Raycast  Dynamic
  m_TagString: Untagged
  m_Icon: {fileID: 0}
  m_NavMeshLayer: 0
  m_StaticEditorFlags: 0
  m_IsActive: 1
--- !u!4 &1157770361386687404
Transform:
  m_ObjectHideFlags: 0
  m_CorrespondingSourceObject: {fileID: 0}
  m_PrefabInstance: {fileID: 0}
  m_PrefabAsset: {fileID: 0}
  m_GameObject: {fileID: 7831348282253605605}
  serializedVersion: 2
  m_LocalRotation: {x: 0, y: 0, z: 0, w: 1}
  m_LocalPosition: {x: -9.545717, y: 20.95, z: 0}
  m_LocalScale: {x: 1, y: 1, z: 1}
  m_ConstrainProportionsScale: 0
  m_Children:
  - {fileID: 6014310708956360815}
  - {fileID: 789246703441615931}
  m_Father: {fileID: 0}
  m_LocalEulerAnglesHint: {x: 0, y: 0, z: 0}
--- !u!33 &7572122132479609696
MeshFilter:
  m_ObjectHideFlags: 0
  m_CorrespondingSourceObject: {fileID: 0}
  m_PrefabInstance: {fileID: 0}
  m_PrefabAsset: {fileID: 0}
  m_GameObject: {fileID: 7831348282253605605}
  m_Mesh: {fileID: 10202, guid: 0000000000000000e000000000000000, type: 0}
--- !u!23 &8613975975990224996
MeshRenderer:
  m_ObjectHideFlags: 0
  m_CorrespondingSourceObject: {fileID: 0}
  m_PrefabInstance: {fileID: 0}
  m_PrefabAsset: {fileID: 0}
  m_GameObject: {fileID: 7831348282253605605}
  m_Enabled: 0
  m_CastShadows: 1
  m_ReceiveShadows: 1
  m_DynamicOccludee: 1
  m_StaticShadowCaster: 0
  m_MotionVectors: 1
  m_LightProbeUsage: 1
  m_ReflectionProbeUsage: 1
  m_RayTracingMode: 2
  m_RayTraceProcedural: 0
  m_RenderingLayerMask: 1
  m_RendererPriority: 0
  m_Materials:
  - {fileID: 2100000, guid: 31321ba15b8f8eb4c954353edc038b1d, type: 2}
  m_StaticBatchInfo:
    firstSubMesh: 0
    subMeshCount: 0
  m_StaticBatchRoot: {fileID: 0}
  m_ProbeAnchor: {fileID: 0}
  m_LightProbeVolumeOverride: {fileID: 0}
  m_ScaleInLightmap: 1
  m_ReceiveGI: 1
  m_PreserveUVs: 0
  m_IgnoreNormalsForChartDetection: 0
  m_ImportantGI: 0
  m_StitchLightmapSeams: 1
  m_SelectedEditorRenderState: 3
  m_MinimumChartSize: 4
  m_AutoUVMaxDistance: 0.5
  m_AutoUVMaxAngle: 89
  m_LightmapParameters: {fileID: 0}
  m_SortingLayerID: 0
  m_SortingLayer: 0
  m_SortingOrder: 0
  m_AdditionalVertexStreams: {fileID: 0}
--- !u!114 &8165348323005243881
MonoBehaviour:
  m_ObjectHideFlags: 0
  m_CorrespondingSourceObject: {fileID: 0}
  m_PrefabInstance: {fileID: 0}
  m_PrefabAsset: {fileID: 0}
  m_GameObject: {fileID: 7831348282253605605}
  m_Enabled: 1
  m_EditorHideFlags: 0
  m_Script: {fileID: 11500000, guid: 58417017db1535f4cb2cf8d6b6e2a5d6, type: 3}
  m_Name: 
  m_EditorClassIdentifier: 
  _lazerMesh: {fileID: 8314627270740725043}
--- !u!1 &8314627270740725043
GameObject:
  m_ObjectHideFlags: 0
  m_CorrespondingSourceObject: {fileID: 0}
  m_PrefabInstance: {fileID: 0}
  m_PrefabAsset: {fileID: 0}
  serializedVersion: 6
  m_Component:
  - component: {fileID: 789246703441615931}
  m_Layer: 0
  m_Name: CylinderBase
  m_TagString: Untagged
  m_Icon: {fileID: 0}
  m_NavMeshLayer: 0
  m_StaticEditorFlags: 0
  m_IsActive: 1
--- !u!4 &789246703441615931
Transform:
  m_ObjectHideFlags: 0
  m_CorrespondingSourceObject: {fileID: 0}
  m_PrefabInstance: {fileID: 0}
  m_PrefabAsset: {fileID: 0}
  m_GameObject: {fileID: 8314627270740725043}
  serializedVersion: 2
  m_LocalRotation: {x: -0, y: -0, z: -0, w: 1}
  m_LocalPosition: {x: 0, y: 0, z: 0}
  m_LocalScale: {x: 1, y: 1, z: 1}
  m_ConstrainProportionsScale: 0
  m_Children:
  - {fileID: 998431435193698653}
  m_Father: {fileID: 1157770361386687404}
  m_LocalEulerAnglesHint: {x: 0, y: 0, z: 0}
--- !u!1001 &6124234433308825476
PrefabInstance:
  m_ObjectHideFlags: 0
  serializedVersion: 2
  m_Modification:
    serializedVersion: 3
    m_TransformParent: {fileID: 1157770361386687404}
    m_Modifications:
    - target: {fileID: -8679921383154817045, guid: 19aaca2fdf7c7fa4facea24f64816c0c,
        type: 3}
      propertyPath: m_LocalScale.x
      value: 1
      objectReference: {fileID: 0}
    - target: {fileID: -8679921383154817045, guid: 19aaca2fdf7c7fa4facea24f64816c0c,
        type: 3}
      propertyPath: m_LocalScale.y
      value: 1
      objectReference: {fileID: 0}
    - target: {fileID: -8679921383154817045, guid: 19aaca2fdf7c7fa4facea24f64816c0c,
        type: 3}
      propertyPath: m_LocalScale.z
      value: 1
      objectReference: {fileID: 0}
    - target: {fileID: -8679921383154817045, guid: 19aaca2fdf7c7fa4facea24f64816c0c,
        type: 3}
      propertyPath: m_LocalPosition.x
      value: 0.10387421
      objectReference: {fileID: 0}
    - target: {fileID: -8679921383154817045, guid: 19aaca2fdf7c7fa4facea24f64816c0c,
        type: 3}
      propertyPath: m_LocalPosition.y
      value: 0.1609993
      objectReference: {fileID: 0}
    - target: {fileID: -8679921383154817045, guid: 19aaca2fdf7c7fa4facea24f64816c0c,
        type: 3}
      propertyPath: m_LocalPosition.z
      value: 0.111879304
      objectReference: {fileID: 0}
    - target: {fileID: -8679921383154817045, guid: 19aaca2fdf7c7fa4facea24f64816c0c,
        type: 3}
      propertyPath: m_LocalRotation.w
      value: 0.000060982995
      objectReference: {fileID: 0}
    - target: {fileID: -8679921383154817045, guid: 19aaca2fdf7c7fa4facea24f64816c0c,
        type: 3}
      propertyPath: m_LocalRotation.x
      value: -0.00006113201
      objectReference: {fileID: 0}
    - target: {fileID: -8679921383154817045, guid: 19aaca2fdf7c7fa4facea24f64816c0c,
        type: 3}
      propertyPath: m_LocalRotation.y
      value: -0.7071261
      objectReference: {fileID: 0}
    - target: {fileID: -8679921383154817045, guid: 19aaca2fdf7c7fa4facea24f64816c0c,
        type: 3}
      propertyPath: m_LocalRotation.z
      value: -0.7070875
      objectReference: {fileID: 0}
    - target: {fileID: -8679921383154817045, guid: 19aaca2fdf7c7fa4facea24f64816c0c,
        type: 3}
      propertyPath: m_LocalEulerAnglesHint.x
      value: -90
      objectReference: {fileID: 0}
    - target: {fileID: -8679921383154817045, guid: 19aaca2fdf7c7fa4facea24f64816c0c,
        type: 3}
      propertyPath: m_LocalEulerAnglesHint.y
      value: 0
      objectReference: {fileID: 0}
    - target: {fileID: -8679921383154817045, guid: 19aaca2fdf7c7fa4facea24f64816c0c,
        type: 3}
      propertyPath: m_LocalEulerAnglesHint.z
      value: -179.99
      objectReference: {fileID: 0}
    - target: {fileID: -7511558181221131132, guid: 19aaca2fdf7c7fa4facea24f64816c0c,
        type: 3}
      propertyPath: m_Materials.Array.data[0]
      value: 
      objectReference: {fileID: 2100000, guid: 538268e622623854296e72e5ab5fe939, type: 2}
    - target: {fileID: -7511558181221131132, guid: 19aaca2fdf7c7fa4facea24f64816c0c,
        type: 3}
      propertyPath: m_Materials.Array.data[1]
      value: 
      objectReference: {fileID: 2100000, guid: 8ab084843f0467b4989fca13ca02f8f8, type: 2}
    - target: {fileID: 919132149155446097, guid: 19aaca2fdf7c7fa4facea24f64816c0c,
        type: 3}
      propertyPath: m_Name
      value: MovingPlatform
      objectReference: {fileID: 0}
    m_RemovedComponents: []
    m_RemovedGameObjects: []
    m_AddedGameObjects: []
    m_AddedComponents: []
  m_SourcePrefab: {fileID: 100100000, guid: 19aaca2fdf7c7fa4facea24f64816c0c, type: 3}
--- !u!4 &6014310708956360815 stripped
Transform:
  m_CorrespondingSourceObject: {fileID: -8679921383154817045, guid: 19aaca2fdf7c7fa4facea24f64816c0c,
    type: 3}
  m_PrefabInstance: {fileID: 6124234433308825476}
  m_PrefabAsset: {fileID: 0}
