%YAML 1.1
%TAG !u! tag:unity3d.com,2011:
--- !u!1 &454399060955310027
GameObject:
  m_ObjectHideFlags: 0
  m_CorrespondingSourceObject: {fileID: 0}
  m_PrefabInstance: {fileID: 0}
  m_PrefabAsset: {fileID: 0}
  serializedVersion: 6
  m_Component:
  - component: {fileID: 8661560816481083200}
  - component: {fileID: 484860996029534434}
  - component: {fileID: 1295192962063222851}
  - component: {fileID: 5882259885812738469}
  m_Layer: 5
  m_Name: DialogCanvas
  m_TagString: Untagged
  m_Icon: {fileID: 0}
  m_NavMeshLayer: 0
  m_StaticEditorFlags: 0
  m_IsActive: 1
--- !u!224 &8661560816481083200
RectTransform:
  m_ObjectHideFlags: 0
  m_CorrespondingSourceObject: {fileID: 0}
  m_PrefabInstance: {fileID: 0}
  m_PrefabAsset: {fileID: 0}
  m_GameObject: {fileID: 454399060955310027}
  m_LocalRotation: {x: 0, y: 0, z: 0, w: 1}
  m_LocalPosition: {x: 0, y: 0, z: 0}
  m_LocalScale: {x: 0, y: 0, z: 0}
  m_ConstrainProportionsScale: 0
  m_Children:
  - {fileID: 7116772799707021012}
  m_Father: {fileID: 0}
  m_LocalEulerAnglesHint: {x: 0, y: 0, z: 0}
  m_AnchorMin: {x: 0, y: 0}
  m_AnchorMax: {x: 0, y: 0}
  m_AnchoredPosition: {x: 0, y: 0}
  m_SizeDelta: {x: 0, y: 0}
  m_Pivot: {x: 0, y: 0}
--- !u!223 &484860996029534434
Canvas:
  m_ObjectHideFlags: 0
  m_CorrespondingSourceObject: {fileID: 0}
  m_PrefabInstance: {fileID: 0}
  m_PrefabAsset: {fileID: 0}
  m_GameObject: {fileID: 454399060955310027}
  m_Enabled: 1
  serializedVersion: 3
  m_RenderMode: 0
  m_Camera: {fileID: 0}
  m_PlaneDistance: 100
  m_PixelPerfect: 0
  m_ReceivesEvents: 1
  m_OverrideSorting: 0
  m_OverridePixelPerfect: 0
  m_SortingBucketNormalizedSize: 0
  m_VertexColorAlwaysGammaSpace: 0
  m_AdditionalShaderChannelsFlag: 25
  m_UpdateRectTransformForStandalone: 0
  m_SortingLayerID: 0
  m_SortingOrder: 0
  m_TargetDisplay: 0
--- !u!114 &1295192962063222851
MonoBehaviour:
  m_ObjectHideFlags: 0
  m_CorrespondingSourceObject: {fileID: 0}
  m_PrefabInstance: {fileID: 0}
  m_PrefabAsset: {fileID: 0}
  m_GameObject: {fileID: 454399060955310027}
  m_Enabled: 1
  m_EditorHideFlags: 0
  m_Script: {fileID: 11500000, guid: 0cd44c1031e13a943bb63640046fad76, type: 3}
  m_Name: 
  m_EditorClassIdentifier: 
  m_UiScaleMode: 1
  m_ReferencePixelsPerUnit: 100
  m_ScaleFactor: 1
  m_ReferenceResolution: {x: 1920, y: 1080}
  m_ScreenMatchMode: 0
  m_MatchWidthOrHeight: 1
  m_PhysicalUnit: 3
  m_FallbackScreenDPI: 96
  m_DefaultSpriteDPI: 96
  m_DynamicPixelsPerUnit: 1
  m_PresetInfoIsWorld: 0
--- !u!114 &5882259885812738469
MonoBehaviour:
  m_ObjectHideFlags: 0
  m_CorrespondingSourceObject: {fileID: 0}
  m_PrefabInstance: {fileID: 0}
  m_PrefabAsset: {fileID: 0}
  m_GameObject: {fileID: 454399060955310027}
  m_Enabled: 1
  m_EditorHideFlags: 0
  m_Script: {fileID: 11500000, guid: dc42784cf147c0c48a680349fa168899, type: 3}
  m_Name: 
  m_EditorClassIdentifier: 
  m_IgnoreReversedGraphics: 1
  m_BlockingObjects: 0
  m_BlockingMask:
    serializedVersion: 2
    m_Bits: 4294967295
--- !u!1 &804505600722527226
GameObject:
  m_ObjectHideFlags: 0
  m_CorrespondingSourceObject: {fileID: 0}
  m_PrefabInstance: {fileID: 0}
  m_PrefabAsset: {fileID: 0}
  serializedVersion: 6
  m_Component:
  - component: {fileID: 2278528099416437077}
  - component: {fileID: 2479976249641172422}
  - component: {fileID: 1953271103743610711}
  m_Layer: 5
  m_Name: Keyboard
  m_TagString: Untagged
  m_Icon: {fileID: 0}
  m_NavMeshLayer: 0
  m_StaticEditorFlags: 0
  m_IsActive: 1
--- !u!224 &2278528099416437077
RectTransform:
  m_ObjectHideFlags: 0
  m_CorrespondingSourceObject: {fileID: 0}
  m_PrefabInstance: {fileID: 0}
  m_PrefabAsset: {fileID: 0}
  m_GameObject: {fileID: 804505600722527226}
  m_LocalRotation: {x: 0, y: 0, z: 0, w: 1}
  m_LocalPosition: {x: 0, y: 0, z: 0}
  m_LocalScale: {x: 1, y: 1, z: 1}
  m_ConstrainProportionsScale: 0
  m_Children:
  - {fileID: 3996841521450288510}
  m_Father: {fileID: 8454215582367407824}
  m_LocalEulerAnglesHint: {x: 0, y: 0, z: 0}
  m_AnchorMin: {x: 0.5, y: 0.5}
  m_AnchorMax: {x: 0.5, y: 0.5}
  m_AnchoredPosition: {x: -0.13611, y: 226}
  m_SizeDelta: {x: 1356, y: 625}
  m_Pivot: {x: 0.5, y: 0.5}
--- !u!222 &2479976249641172422
CanvasRenderer:
  m_ObjectHideFlags: 0
  m_CorrespondingSourceObject: {fileID: 0}
  m_PrefabInstance: {fileID: 0}
  m_PrefabAsset: {fileID: 0}
  m_GameObject: {fileID: 804505600722527226}
  m_CullTransparentMesh: 1
--- !u!114 &1953271103743610711
MonoBehaviour:
  m_ObjectHideFlags: 0
  m_CorrespondingSourceObject: {fileID: 0}
  m_PrefabInstance: {fileID: 0}
  m_PrefabAsset: {fileID: 0}
  m_GameObject: {fileID: 804505600722527226}
  m_Enabled: 0
  m_EditorHideFlags: 0
  m_Script: {fileID: 11500000, guid: fe87c0e1cc204ed48ad3b37840f39efc, type: 3}
  m_Name: 
  m_EditorClassIdentifier: 
  m_Material: {fileID: 0}
  m_Color: {r: 0, g: 0, b: 0, a: 0.78431374}
  m_RaycastTarget: 1
  m_RaycastPadding: {x: 0, y: 0, z: 0, w: 0}
  m_Maskable: 1
  m_OnCullStateChanged:
    m_PersistentCalls:
      m_Calls: []
  m_Sprite: {fileID: 10907, guid: 0000000000000000f000000000000000, type: 0}
  m_Type: 1
  m_PreserveAspect: 0
  m_FillCenter: 1
  m_FillMethod: 4
  m_FillAmount: 1
  m_FillClockwise: 1
  m_FillOrigin: 0
  m_UseSpriteMesh: 0
  m_PixelsPerUnitMultiplier: 1
--- !u!1 &2818040287444681693
GameObject:
  m_ObjectHideFlags: 0
  m_CorrespondingSourceObject: {fileID: 0}
  m_PrefabInstance: {fileID: 0}
  m_PrefabAsset: {fileID: 0}
  serializedVersion: 6
  m_Component:
  - component: {fileID: 3996841521450288510}
  - component: {fileID: 9184813682380855545}
  - component: {fileID: 619540328994095293}
  m_Layer: 5
  m_Name: Keeb
  m_TagString: Untagged
  m_Icon: {fileID: 0}
  m_NavMeshLayer: 0
  m_StaticEditorFlags: 0
  m_IsActive: 1
--- !u!224 &3996841521450288510
RectTransform:
  m_ObjectHideFlags: 0
  m_CorrespondingSourceObject: {fileID: 0}
  m_PrefabInstance: {fileID: 0}
  m_PrefabAsset: {fileID: 0}
  m_GameObject: {fileID: 2818040287444681693}
  m_LocalRotation: {x: -0, y: -0, z: -0, w: 1}
  m_LocalPosition: {x: 0, y: 0, z: 0}
  m_LocalScale: {x: 1, y: 1, z: 1}
  m_ConstrainProportionsScale: 0
  m_Children: []
  m_Father: {fileID: 2278528099416437077}
  m_LocalEulerAnglesHint: {x: 0, y: 0, z: 0}
  m_AnchorMin: {x: 0, y: 0}
  m_AnchorMax: {x: 1, y: 1}
  m_AnchoredPosition: {x: 0, y: 0}
  m_SizeDelta: {x: 0, y: 0}
  m_Pivot: {x: 0.5, y: 0.5}
--- !u!222 &9184813682380855545
CanvasRenderer:
  m_ObjectHideFlags: 0
  m_CorrespondingSourceObject: {fileID: 0}
  m_PrefabInstance: {fileID: 0}
  m_PrefabAsset: {fileID: 0}
  m_GameObject: {fileID: 2818040287444681693}
  m_CullTransparentMesh: 1
--- !u!114 &619540328994095293
MonoBehaviour:
  m_ObjectHideFlags: 0
  m_CorrespondingSourceObject: {fileID: 0}
  m_PrefabInstance: {fileID: 0}
  m_PrefabAsset: {fileID: 0}
  m_GameObject: {fileID: 2818040287444681693}
  m_Enabled: 1
  m_EditorHideFlags: 0
  m_Script: {fileID: 11500000, guid: fe87c0e1cc204ed48ad3b37840f39efc, type: 3}
  m_Name: 
  m_EditorClassIdentifier: 
  m_Material: {fileID: 0}
  m_Color: {r: 1, g: 1, b: 1, a: 1}
  m_RaycastTarget: 1
  m_RaycastPadding: {x: 0, y: 0, z: 0, w: 0}
  m_Maskable: 1
  m_OnCullStateChanged:
    m_PersistentCalls:
      m_Calls: []
  m_Sprite: {fileID: 21300000, guid: 8e64aaf1e8c519341891a0c91ab04f34, type: 3}
  m_Type: 0
  m_PreserveAspect: 0
  m_FillCenter: 1
  m_FillMethod: 4
  m_FillAmount: 1
  m_FillClockwise: 1
  m_FillOrigin: 0
  m_UseSpriteMesh: 0
  m_PixelsPerUnitMultiplier: 1
--- !u!1 &4488227092215436132
GameObject:
  m_ObjectHideFlags: 0
  m_CorrespondingSourceObject: {fileID: 0}
  m_PrefabInstance: {fileID: 0}
  m_PrefabAsset: {fileID: 0}
  serializedVersion: 6
  m_Component:
  - component: {fileID: 8749922278046401012}
  - component: {fileID: 2166707661380633526}
  - component: {fileID: 9111190223914690855}
  m_Layer: 5
  m_Name: Panel
  m_TagString: Untagged
  m_Icon: {fileID: 0}
  m_NavMeshLayer: 0
  m_StaticEditorFlags: 0
  m_IsActive: 1
--- !u!224 &8749922278046401012
RectTransform:
  m_ObjectHideFlags: 0
  m_CorrespondingSourceObject: {fileID: 0}
  m_PrefabInstance: {fileID: 0}
  m_PrefabAsset: {fileID: 0}
  m_GameObject: {fileID: 4488227092215436132}
  m_LocalRotation: {x: -0, y: -0, z: -0, w: 1}
  m_LocalPosition: {x: 0, y: 0, z: 0}
  m_LocalScale: {x: 1, y: 1, z: 1}
  m_ConstrainProportionsScale: 0
  m_Children:
  - {fileID: 7605147264606768739}
  m_Father: {fileID: 7116772799637789000}
  m_LocalEulerAnglesHint: {x: 0, y: 0, z: 0}
  m_AnchorMin: {x: 0, y: 0}
  m_AnchorMax: {x: 1, y: 1}
  m_AnchoredPosition: {x: 0.0024414062, y: -517.29004}
  m_SizeDelta: {x: 0.5, y: -403.18225}
  m_Pivot: {x: 0.5, y: 0.5}
--- !u!222 &2166707661380633526
CanvasRenderer:
  m_ObjectHideFlags: 0
  m_CorrespondingSourceObject: {fileID: 0}
  m_PrefabInstance: {fileID: 0}
  m_PrefabAsset: {fileID: 0}
  m_GameObject: {fileID: 4488227092215436132}
  m_CullTransparentMesh: 1
--- !u!114 &9111190223914690855
MonoBehaviour:
  m_ObjectHideFlags: 0
  m_CorrespondingSourceObject: {fileID: 0}
  m_PrefabInstance: {fileID: 0}
  m_PrefabAsset: {fileID: 0}
  m_GameObject: {fileID: 4488227092215436132}
  m_Enabled: 1
  m_EditorHideFlags: 0
  m_Script: {fileID: 11500000, guid: fe87c0e1cc204ed48ad3b37840f39efc, type: 3}
  m_Name: 
  m_EditorClassIdentifier: 
  m_Material: {fileID: 0}
  m_Color: {r: 0, g: 0, b: 0, a: 0.8352941}
  m_RaycastTarget: 1
  m_RaycastPadding: {x: 0, y: 0, z: 0, w: 0}
  m_Maskable: 1
  m_OnCullStateChanged:
    m_PersistentCalls:
      m_Calls: []
  m_Sprite: {fileID: 21300000, guid: 12ab5d6dc99ad48428b0d5b1dd57f210, type: 3}
  m_Type: 1
  m_PreserveAspect: 0
  m_FillCenter: 1
  m_FillMethod: 4
  m_FillAmount: 1
  m_FillClockwise: 1
  m_FillOrigin: 0
  m_UseSpriteMesh: 0
  m_PixelsPerUnitMultiplier: 1.8
--- !u!1 &5961123224978019437
GameObject:
  m_ObjectHideFlags: 0
  m_CorrespondingSourceObject: {fileID: 0}
  m_PrefabInstance: {fileID: 0}
  m_PrefabAsset: {fileID: 0}
  serializedVersion: 6
  m_Component:
  - component: {fileID: 8454215582367407824}
  - component: {fileID: 2513851772923101395}
  - component: {fileID: 4138257366477648005}
  m_Layer: 5
  m_Name: Controls
  m_TagString: Untagged
  m_Icon: {fileID: 0}
  m_NavMeshLayer: 0
  m_StaticEditorFlags: 0
  m_IsActive: 0
--- !u!224 &8454215582367407824
RectTransform:
  m_ObjectHideFlags: 0
  m_CorrespondingSourceObject: {fileID: 0}
  m_PrefabInstance: {fileID: 0}
  m_PrefabAsset: {fileID: 0}
  m_GameObject: {fileID: 5961123224978019437}
  m_LocalRotation: {x: -0, y: -0, z: -0, w: 1}
  m_LocalPosition: {x: 0, y: 0, z: 0}
  m_LocalScale: {x: 1, y: 1, z: 1}
  m_ConstrainProportionsScale: 0
  m_Children:
  - {fileID: 2278528099416437077}
  - {fileID: 4518599284876101720}
  m_Father: {fileID: 7116772799637789000}
  m_LocalEulerAnglesHint: {x: 0, y: 0, z: 0}
  m_AnchorMin: {x: 0, y: 0}
  m_AnchorMax: {x: 1, y: 1}
  m_AnchoredPosition: {x: 908.6843, y: -98.119995}
  m_SizeDelta: {x: 931.8639, y: 521.56213}
  m_Pivot: {x: 0.5, y: 0.5}
--- !u!222 &2513851772923101395
CanvasRenderer:
  m_ObjectHideFlags: 0
  m_CorrespondingSourceObject: {fileID: 0}
  m_PrefabInstance: {fileID: 0}
  m_PrefabAsset: {fileID: 0}
  m_GameObject: {fileID: 5961123224978019437}
  m_CullTransparentMesh: 1
--- !u!114 &4138257366477648005
MonoBehaviour:
  m_ObjectHideFlags: 0
  m_CorrespondingSourceObject: {fileID: 0}
  m_PrefabInstance: {fileID: 0}
  m_PrefabAsset: {fileID: 0}
  m_GameObject: {fileID: 5961123224978019437}
  m_Enabled: 1
  m_EditorHideFlags: 0
  m_Script: {fileID: 11500000, guid: fe87c0e1cc204ed48ad3b37840f39efc, type: 3}
  m_Name: 
  m_EditorClassIdentifier: 
  m_Material: {fileID: 0}
  m_Color: {r: 0, g: 0, b: 0, a: 0.78431374}
  m_RaycastTarget: 1
  m_RaycastPadding: {x: 0, y: 0, z: 0, w: 0}
  m_Maskable: 1
  m_OnCullStateChanged:
    m_PersistentCalls:
      m_Calls: []
  m_Sprite: {fileID: 0}
  m_Type: 0
  m_PreserveAspect: 0
  m_FillCenter: 1
  m_FillMethod: 4
  m_FillAmount: 1
  m_FillClockwise: 1
  m_FillOrigin: 0
  m_UseSpriteMesh: 0
  m_PixelsPerUnitMultiplier: 1
--- !u!1 &6202501087619554635
GameObject:
  m_ObjectHideFlags: 0
  m_CorrespondingSourceObject: {fileID: 0}
  m_PrefabInstance: {fileID: 0}
  m_PrefabAsset: {fileID: 0}
  serializedVersion: 6
  m_Component:
  - component: {fileID: 4518599284876101720}
  - component: {fileID: 2461459252401241837}
  - component: {fileID: 326523527501061802}
  m_Layer: 5
  m_Name: Controller
  m_TagString: Untagged
  m_Icon: {fileID: 0}
  m_NavMeshLayer: 0
  m_StaticEditorFlags: 0
  m_IsActive: 1
--- !u!224 &4518599284876101720
RectTransform:
  m_ObjectHideFlags: 0
  m_CorrespondingSourceObject: {fileID: 0}
  m_PrefabInstance: {fileID: 0}
  m_PrefabAsset: {fileID: 0}
  m_GameObject: {fileID: 6202501087619554635}
  m_LocalRotation: {x: 0, y: 0, z: 0, w: 1}
  m_LocalPosition: {x: 0, y: 0, z: 0}
  m_LocalScale: {x: 1, y: 1, z: 1}
  m_ConstrainProportionsScale: 0
  m_Children:
  - {fileID: 7560763919620972096}
  m_Father: {fileID: 8454215582367407824}
  m_LocalEulerAnglesHint: {x: 0, y: 0, z: 0}
  m_AnchorMin: {x: 0.5, y: 0.5}
  m_AnchorMax: {x: 0.5, y: 0.5}
  m_AnchoredPosition: {x: -0.13611, y: -290}
  m_SizeDelta: {x: 1356, y: 625}
  m_Pivot: {x: 0.5, y: 0.5}
--- !u!222 &2461459252401241837
CanvasRenderer:
  m_ObjectHideFlags: 0
  m_CorrespondingSourceObject: {fileID: 0}
  m_PrefabInstance: {fileID: 0}
  m_PrefabAsset: {fileID: 0}
  m_GameObject: {fileID: 6202501087619554635}
  m_CullTransparentMesh: 1
--- !u!114 &326523527501061802
MonoBehaviour:
  m_ObjectHideFlags: 0
  m_CorrespondingSourceObject: {fileID: 0}
  m_PrefabInstance: {fileID: 0}
  m_PrefabAsset: {fileID: 0}
  m_GameObject: {fileID: 6202501087619554635}
  m_Enabled: 0
  m_EditorHideFlags: 0
  m_Script: {fileID: 11500000, guid: fe87c0e1cc204ed48ad3b37840f39efc, type: 3}
  m_Name: 
  m_EditorClassIdentifier: 
  m_Material: {fileID: 0}
  m_Color: {r: 0, g: 0, b: 0, a: 0.78431374}
  m_RaycastTarget: 1
  m_RaycastPadding: {x: 0, y: 0, z: 0, w: 0}
  m_Maskable: 1
  m_OnCullStateChanged:
    m_PersistentCalls:
      m_Calls: []
  m_Sprite: {fileID: 10907, guid: 0000000000000000f000000000000000, type: 0}
  m_Type: 1
  m_PreserveAspect: 0
  m_FillCenter: 1
  m_FillMethod: 4
  m_FillAmount: 1
  m_FillClockwise: 1
  m_FillOrigin: 0
  m_UseSpriteMesh: 0
  m_PixelsPerUnitMultiplier: 1
--- !u!1 &6555360358324207897
GameObject:
  m_ObjectHideFlags: 0
  m_CorrespondingSourceObject: {fileID: 0}
  m_PrefabInstance: {fileID: 0}
  m_PrefabAsset: {fileID: 0}
  serializedVersion: 6
  m_Component:
  - component: {fileID: 7605147264606768739}
  - component: {fileID: 2562166399794509541}
  - component: {fileID: 4453070946977969442}
  m_Layer: 5
  m_Name: Text (TMP) (1)
  m_TagString: Untagged
  m_Icon: {fileID: 0}
  m_NavMeshLayer: 0
  m_StaticEditorFlags: 0
  m_IsActive: 1
--- !u!224 &7605147264606768739
RectTransform:
  m_ObjectHideFlags: 0
  m_CorrespondingSourceObject: {fileID: 0}
  m_PrefabInstance: {fileID: 0}
  m_PrefabAsset: {fileID: 0}
  m_GameObject: {fileID: 6555360358324207897}
  m_LocalRotation: {x: 0, y: 0, z: 0, w: 1}
  m_LocalPosition: {x: 0, y: 0, z: 0}
  m_LocalScale: {x: 1, y: 1, z: 1}
  m_ConstrainProportionsScale: 0
  m_Children: []
  m_Father: {fileID: 8749922278046401012}
  m_LocalEulerAnglesHint: {x: 0, y: 0, z: 0}
  m_AnchorMin: {x: 0, y: 0}
  m_AnchorMax: {x: 1, y: 1}
  m_AnchoredPosition: {x: 0.3383789, y: 0.7717285}
  m_SizeDelta: {x: -62.5232, y: -11.3599}
  m_Pivot: {x: 0.5, y: 0.5}
--- !u!222 &2562166399794509541
CanvasRenderer:
  m_ObjectHideFlags: 0
  m_CorrespondingSourceObject: {fileID: 0}
  m_PrefabInstance: {fileID: 0}
  m_PrefabAsset: {fileID: 0}
  m_GameObject: {fileID: 6555360358324207897}
  m_CullTransparentMesh: 1
--- !u!114 &4453070946977969442
MonoBehaviour:
  m_ObjectHideFlags: 0
  m_CorrespondingSourceObject: {fileID: 0}
  m_PrefabInstance: {fileID: 0}
  m_PrefabAsset: {fileID: 0}
  m_GameObject: {fileID: 6555360358324207897}
  m_Enabled: 1
  m_EditorHideFlags: 0
  m_Script: {fileID: 11500000, guid: f4688fdb7df04437aeb418b961361dc5, type: 3}
  m_Name: 
  m_EditorClassIdentifier: 
  m_Material: {fileID: 0}
  m_Color: {r: 1, g: 1, b: 1, a: 1}
  m_RaycastTarget: 1
  m_RaycastPadding: {x: 0, y: 0, z: 0, w: 0}
  m_Maskable: 1
  m_OnCullStateChanged:
    m_PersistentCalls:
      m_Calls: []
  m_text: Hold SPACE to skip the dialogue.
  m_isRightToLeft: 0
  m_fontAsset: {fileID: 11400000, guid: 74d087de94d567e47bd835bcade6d307, type: 2}
  m_sharedMaterial: {fileID: -6519529146574265842, guid: 74d087de94d567e47bd835bcade6d307,
    type: 2}
  m_fontSharedMaterials: []
  m_fontMaterial: {fileID: 0}
  m_fontMaterials: []
  m_fontColor32:
    serializedVersion: 2
    rgba: 4294967295
  m_fontColor: {r: 1, g: 1, b: 1, a: 1}
  m_enableVertexGradient: 0
  m_colorMode: 3
  m_fontColorGradient:
    topLeft: {r: 1, g: 1, b: 1, a: 1}
    topRight: {r: 1, g: 1, b: 1, a: 1}
    bottomLeft: {r: 1, g: 1, b: 1, a: 1}
    bottomRight: {r: 1, g: 1, b: 1, a: 1}
  m_fontColorGradientPreset: {fileID: 0}
  m_spriteAsset: {fileID: 0}
  m_tintAllSprites: 0
  m_StyleSheet: {fileID: 0}
  m_TextStyleHashCode: -1183493901
  m_overrideHtmlColors: 0
  m_faceColor:
    serializedVersion: 2
    rgba: 4294967295
  m_fontSize: 25
  m_fontSizeBase: 25
  m_fontWeight: 400
  m_enableAutoSizing: 0
  m_fontSizeMin: 18
  m_fontSizeMax: 72
  m_fontStyle: 0
  m_HorizontalAlignment: 1
  m_VerticalAlignment: 256
  m_textAlignment: 65535
  m_characterSpacing: 0
  m_wordSpacing: 0
  m_lineSpacing: 0
  m_lineSpacingMax: 0
  m_paragraphSpacing: 0
  m_charWidthMaxAdj: 0
  m_enableWordWrapping: 1
  m_wordWrappingRatios: 0.4
  m_overflowMode: 0
  m_linkedTextComponent: {fileID: 0}
  parentLinkedComponent: {fileID: 0}
  m_enableKerning: 1
  m_enableExtraPadding: 0
  checkPaddingRequired: 0
  m_isRichText: 1
  m_parseCtrlCharacters: 1
  m_isOrthographic: 1
  m_isCullingEnabled: 0
  m_horizontalMapping: 0
  m_verticalMapping: 0
  m_uvLineOffset: 0
  m_geometrySortingOrder: 0
  m_IsTextObjectScaleStatic: 0
  m_VertexBufferAutoSizeReduction: 0
  m_useMaxVisibleDescender: 1
  m_pageToDisplay: 1
  m_margin: {x: 0, y: 0, z: 0, w: 0}
  m_isUsingLegacyAnimationComponent: 0
  m_isVolumetricText: 0
  m_hasFontAssetChanged: 0
  m_baseMaterial: {fileID: 0}
  m_maskOffset: {x: 0, y: 0, z: 0, w: 0}
--- !u!1 &8588145758194806542
GameObject:
  m_ObjectHideFlags: 0
  m_CorrespondingSourceObject: {fileID: 0}
  m_PrefabInstance: {fileID: 0}
  m_PrefabAsset: {fileID: 0}
  serializedVersion: 6
  m_Component:
  - component: {fileID: 7560763919620972096}
  - component: {fileID: 7309445113846668517}
  - component: {fileID: 2139848842176771015}
  m_Layer: 5
  m_Name: Image
  m_TagString: Untagged
  m_Icon: {fileID: 0}
  m_NavMeshLayer: 0
  m_StaticEditorFlags: 0
  m_IsActive: 1
--- !u!224 &7560763919620972096
RectTransform:
  m_ObjectHideFlags: 0
  m_CorrespondingSourceObject: {fileID: 0}
  m_PrefabInstance: {fileID: 0}
  m_PrefabAsset: {fileID: 0}
  m_GameObject: {fileID: 8588145758194806542}
  m_LocalRotation: {x: 0, y: 0, z: 0, w: 1}
  m_LocalPosition: {x: 0, y: 0, z: 0}
  m_LocalScale: {x: 1, y: 1, z: 1}
  m_ConstrainProportionsScale: 0
  m_Children: []
  m_Father: {fileID: 4518599284876101720}
  m_LocalEulerAnglesHint: {x: 0, y: 0, z: 0}
  m_AnchorMin: {x: 0, y: 0}
  m_AnchorMax: {x: 1, y: 1}
  m_AnchoredPosition: {x: 0, y: 0}
  m_SizeDelta: {x: 0, y: 0}
  m_Pivot: {x: 0.5, y: 0.5}
--- !u!222 &7309445113846668517
CanvasRenderer:
  m_ObjectHideFlags: 0
  m_CorrespondingSourceObject: {fileID: 0}
  m_PrefabInstance: {fileID: 0}
  m_PrefabAsset: {fileID: 0}
  m_GameObject: {fileID: 8588145758194806542}
  m_CullTransparentMesh: 1
--- !u!114 &2139848842176771015
MonoBehaviour:
  m_ObjectHideFlags: 0
  m_CorrespondingSourceObject: {fileID: 0}
  m_PrefabInstance: {fileID: 0}
  m_PrefabAsset: {fileID: 0}
  m_GameObject: {fileID: 8588145758194806542}
  m_Enabled: 1
  m_EditorHideFlags: 0
  m_Script: {fileID: 11500000, guid: fe87c0e1cc204ed48ad3b37840f39efc, type: 3}
  m_Name: 
  m_EditorClassIdentifier: 
  m_Material: {fileID: 0}
  m_Color: {r: 1, g: 1, b: 1, a: 1}
  m_RaycastTarget: 1
  m_RaycastPadding: {x: 0, y: 0, z: 0, w: 0}
  m_Maskable: 1
  m_OnCullStateChanged:
    m_PersistentCalls:
      m_Calls: []
  m_Sprite: {fileID: 21300000, guid: 98a6bac608dc87947b49ffe495664104, type: 3}
  m_Type: 0
  m_PreserveAspect: 0
  m_FillCenter: 1
  m_FillMethod: 4
  m_FillAmount: 1
  m_FillClockwise: 1
  m_FillOrigin: 0
  m_UseSpriteMesh: 0
  m_PixelsPerUnitMultiplier: 1
--- !u!1001 &6114800982117488067
PrefabInstance:
  m_ObjectHideFlags: 0
  serializedVersion: 2
  m_Modification:
    serializedVersion: 3
    m_TransformParent: {fileID: 8661560816481083200}
    m_Modifications:
    - target: {fileID: 3852935656990629450, guid: d9fa78e8c3c4f2b4b8f7f77ca8426cca,
        type: 3}
      propertyPath: m_SizeDelta.x
      value: -20
      objectReference: {fileID: 0}
    - target: {fileID: 3852935656990629450, guid: d9fa78e8c3c4f2b4b8f7f77ca8426cca,
        type: 3}
      propertyPath: m_SizeDelta.y
      value: -470
      objectReference: {fileID: 0}
    - target: {fileID: 3852935656990629450, guid: d9fa78e8c3c4f2b4b8f7f77ca8426cca,
        type: 3}
      propertyPath: m_AnchoredPosition.y
      value: -230
      objectReference: {fileID: 0}
    - target: {fileID: 3900108754347413305, guid: d9fa78e8c3c4f2b4b8f7f77ca8426cca,
        type: 3}
      propertyPath: m_text
      value: Loda  ipsum dolor sit amet, consectetur adipiscing elit, sed do eiusmod
        tempor incididunt ut labore et dolore makichu.
      objectReference: {fileID: 0}
    - target: {fileID: 3900108754347413305, guid: d9fa78e8c3c4f2b4b8f7f77ca8426cca,
        type: 3}
      propertyPath: m_fontSize
      value: 35
      objectReference: {fileID: 0}
    - target: {fileID: 3900108754347413305, guid: d9fa78e8c3c4f2b4b8f7f77ca8426cca,
        type: 3}
      propertyPath: m_fontAsset
      value: 
      objectReference: {fileID: 11400000, guid: 46ec23e4868fe5f4c972975ffa6bbb16,
        type: 2}
    - target: {fileID: 3900108754347413305, guid: d9fa78e8c3c4f2b4b8f7f77ca8426cca,
        type: 3}
      propertyPath: m_sharedMaterial
      value: 
      objectReference: {fileID: 7349221734574440180, guid: 46ec23e4868fe5f4c972975ffa6bbb16,
        type: 2}
    - target: {fileID: 3900108754347413311, guid: d9fa78e8c3c4f2b4b8f7f77ca8426cca,
        type: 3}
      propertyPath: m_SizeDelta.x
      value: -55.2385
      objectReference: {fileID: 0}
    - target: {fileID: 3900108754347413311, guid: d9fa78e8c3c4f2b4b8f7f77ca8426cca,
        type: 3}
      propertyPath: m_SizeDelta.y
      value: -85.05
      objectReference: {fileID: 0}
    - target: {fileID: 3900108754347413311, guid: d9fa78e8c3c4f2b4b8f7f77ca8426cca,
        type: 3}
      propertyPath: m_AnchoredPosition.x
      value: 0
      objectReference: {fileID: 0}
    - target: {fileID: 3900108754347413311, guid: d9fa78e8c3c4f2b4b8f7f77ca8426cca,
        type: 3}
      propertyPath: m_AnchoredPosition.y
      value: -72.365005
      objectReference: {fileID: 0}
    - target: {fileID: 3900108755062758285, guid: d9fa78e8c3c4f2b4b8f7f77ca8426cca,
        type: 3}
      propertyPath: m_Name
      value: ConversationManager
      objectReference: {fileID: 0}
    - target: {fileID: 3900108755196472086, guid: d9fa78e8c3c4f2b4b8f7f77ca8426cca,
        type: 3}
      propertyPath: ScrollSpeed
      value: 0.3
      objectReference: {fileID: 0}
    - target: {fileID: 3900108755196472086, guid: d9fa78e8c3c4f2b4b8f7f77ca8426cca,
        type: 3}
      propertyPath: BackgroundImage
      value: 
      objectReference: {fileID: 21300000, guid: 12ab5d6dc99ad48428b0d5b1dd57f210,
        type: 3}
    - target: {fileID: 3900108755196472087, guid: d9fa78e8c3c4f2b4b8f7f77ca8426cca,
        type: 3}
      propertyPath: m_Pivot.x
      value: 0
      objectReference: {fileID: 0}
    - target: {fileID: 3900108755196472087, guid: d9fa78e8c3c4f2b4b8f7f77ca8426cca,
        type: 3}
      propertyPath: m_Pivot.y
      value: 0.5
      objectReference: {fileID: 0}
    - target: {fileID: 3900108755196472087, guid: d9fa78e8c3c4f2b4b8f7f77ca8426cca,
        type: 3}
      propertyPath: m_AnchorMax.x
      value: 0
      objectReference: {fileID: 0}
    - target: {fileID: 3900108755196472087, guid: d9fa78e8c3c4f2b4b8f7f77ca8426cca,
        type: 3}
      propertyPath: m_AnchorMax.y
      value: 0.5
      objectReference: {fileID: 0}
    - target: {fileID: 3900108755196472087, guid: d9fa78e8c3c4f2b4b8f7f77ca8426cca,
        type: 3}
      propertyPath: m_AnchorMin.x
      value: 0
      objectReference: {fileID: 0}
    - target: {fileID: 3900108755196472087, guid: d9fa78e8c3c4f2b4b8f7f77ca8426cca,
        type: 3}
      propertyPath: m_AnchorMin.y
      value: 0.5
      objectReference: {fileID: 0}
    - target: {fileID: 3900108755196472087, guid: d9fa78e8c3c4f2b4b8f7f77ca8426cca,
        type: 3}
      propertyPath: m_SizeDelta.x
      value: 412.49512
      objectReference: {fileID: 0}
    - target: {fileID: 3900108755196472087, guid: d9fa78e8c3c4f2b4b8f7f77ca8426cca,
        type: 3}
      propertyPath: m_SizeDelta.y
      value: 688.3523
      objectReference: {fileID: 0}
    - target: {fileID: 3900108755196472087, guid: d9fa78e8c3c4f2b4b8f7f77ca8426cca,
        type: 3}
      propertyPath: m_LocalPosition.x
      value: 0
      objectReference: {fileID: 0}
    - target: {fileID: 3900108755196472087, guid: d9fa78e8c3c4f2b4b8f7f77ca8426cca,
        type: 3}
      propertyPath: m_LocalPosition.y
      value: 0
      objectReference: {fileID: 0}
    - target: {fileID: 3900108755196472087, guid: d9fa78e8c3c4f2b4b8f7f77ca8426cca,
        type: 3}
      propertyPath: m_LocalPosition.z
      value: 0
      objectReference: {fileID: 0}
    - target: {fileID: 3900108755196472087, guid: d9fa78e8c3c4f2b4b8f7f77ca8426cca,
        type: 3}
      propertyPath: m_LocalRotation.w
      value: 1
      objectReference: {fileID: 0}
    - target: {fileID: 3900108755196472087, guid: d9fa78e8c3c4f2b4b8f7f77ca8426cca,
        type: 3}
      propertyPath: m_LocalRotation.x
      value: -0
      objectReference: {fileID: 0}
    - target: {fileID: 3900108755196472087, guid: d9fa78e8c3c4f2b4b8f7f77ca8426cca,
        type: 3}
      propertyPath: m_LocalRotation.y
      value: -0
      objectReference: {fileID: 0}
    - target: {fileID: 3900108755196472087, guid: d9fa78e8c3c4f2b4b8f7f77ca8426cca,
        type: 3}
      propertyPath: m_LocalRotation.z
      value: -0
      objectReference: {fileID: 0}
    - target: {fileID: 3900108755196472087, guid: d9fa78e8c3c4f2b4b8f7f77ca8426cca,
        type: 3}
      propertyPath: m_AnchoredPosition.x
      value: 102
      objectReference: {fileID: 0}
    - target: {fileID: 3900108755196472087, guid: d9fa78e8c3c4f2b4b8f7f77ca8426cca,
        type: 3}
      propertyPath: m_AnchoredPosition.y
      value: -37
      objectReference: {fileID: 0}
    - target: {fileID: 3900108755196472087, guid: d9fa78e8c3c4f2b4b8f7f77ca8426cca,
        type: 3}
      propertyPath: m_LocalEulerAnglesHint.x
      value: 0
      objectReference: {fileID: 0}
    - target: {fileID: 3900108755196472087, guid: d9fa78e8c3c4f2b4b8f7f77ca8426cca,
        type: 3}
      propertyPath: m_LocalEulerAnglesHint.y
      value: 0
      objectReference: {fileID: 0}
    - target: {fileID: 3900108755196472087, guid: d9fa78e8c3c4f2b4b8f7f77ca8426cca,
        type: 3}
      propertyPath: m_LocalEulerAnglesHint.z
      value: 0
      objectReference: {fileID: 0}
    - target: {fileID: 3900108755395677320, guid: d9fa78e8c3c4f2b4b8f7f77ca8426cca,
        type: 3}
      propertyPath: m_Sprite
      value: 
      objectReference: {fileID: 21300000, guid: 12ab5d6dc99ad48428b0d5b1dd57f210,
        type: 3}
    - target: {fileID: 3900108755395677320, guid: d9fa78e8c3c4f2b4b8f7f77ca8426cca,
        type: 3}
      propertyPath: m_Color.a
      value: 0.9098039
      objectReference: {fileID: 0}
    - target: {fileID: 3900108755395677320, guid: d9fa78e8c3c4f2b4b8f7f77ca8426cca,
        type: 3}
      propertyPath: m_Color.b
      value: 0
      objectReference: {fileID: 0}
    - target: {fileID: 3900108755395677320, guid: d9fa78e8c3c4f2b4b8f7f77ca8426cca,
        type: 3}
      propertyPath: m_Color.g
      value: 0
      objectReference: {fileID: 0}
    - target: {fileID: 3900108755395677320, guid: d9fa78e8c3c4f2b4b8f7f77ca8426cca,
        type: 3}
      propertyPath: m_Color.r
      value: 0
      objectReference: {fileID: 0}
    - target: {fileID: 3900108755395677323, guid: d9fa78e8c3c4f2b4b8f7f77ca8426cca,
        type: 3}
      propertyPath: m_Pivot.y
      value: 0.5
      objectReference: {fileID: 0}
    - target: {fileID: 3900108755395677323, guid: d9fa78e8c3c4f2b4b8f7f77ca8426cca,
        type: 3}
      propertyPath: m_AnchorMax.x
      value: 0.5
      objectReference: {fileID: 0}
    - target: {fileID: 3900108755395677323, guid: d9fa78e8c3c4f2b4b8f7f77ca8426cca,
        type: 3}
      propertyPath: m_AnchorMax.y
      value: 0.5
      objectReference: {fileID: 0}
    - target: {fileID: 3900108755395677323, guid: d9fa78e8c3c4f2b4b8f7f77ca8426cca,
        type: 3}
      propertyPath: m_AnchorMin.x
      value: 0.5
      objectReference: {fileID: 0}
    - target: {fileID: 3900108755395677323, guid: d9fa78e8c3c4f2b4b8f7f77ca8426cca,
        type: 3}
      propertyPath: m_AnchorMin.y
      value: 0.5
      objectReference: {fileID: 0}
    - target: {fileID: 3900108755395677323, guid: d9fa78e8c3c4f2b4b8f7f77ca8426cca,
        type: 3}
      propertyPath: m_SizeDelta.x
      value: 412
      objectReference: {fileID: 0}
    - target: {fileID: 3900108755395677323, guid: d9fa78e8c3c4f2b4b8f7f77ca8426cca,
        type: 3}
      propertyPath: m_SizeDelta.y
      value: 479.16
      objectReference: {fileID: 0}
    - target: {fileID: 3900108755395677323, guid: d9fa78e8c3c4f2b4b8f7f77ca8426cca,
        type: 3}
      propertyPath: m_AnchoredPosition.y
      value: 135.12
      objectReference: {fileID: 0}
    - target: {fileID: 3900108755397112056, guid: d9fa78e8c3c4f2b4b8f7f77ca8426cca,
        type: 3}
      propertyPath: m_Type
      value: 1
      objectReference: {fileID: 0}
    - target: {fileID: 3900108755397112056, guid: d9fa78e8c3c4f2b4b8f7f77ca8426cca,
        type: 3}
      propertyPath: m_Sprite
      value: 
      objectReference: {fileID: 21300000, guid: 3f5fbfdb0e8cf6f4b98aac0bf4e2d89b,
        type: 3}
    - target: {fileID: 3900108755397112062, guid: d9fa78e8c3c4f2b4b8f7f77ca8426cca,
        type: 3}
      propertyPath: m_AnchorMax.y
      value: 1
      objectReference: {fileID: 0}
    - target: {fileID: 3900108755397112062, guid: d9fa78e8c3c4f2b4b8f7f77ca8426cca,
        type: 3}
      propertyPath: m_AnchorMin.y
      value: 1
      objectReference: {fileID: 0}
    - target: {fileID: 3900108755397112062, guid: d9fa78e8c3c4f2b4b8f7f77ca8426cca,
        type: 3}
      propertyPath: m_SizeDelta.x
      value: 141.58362
      objectReference: {fileID: 0}
    - target: {fileID: 3900108755397112062, guid: d9fa78e8c3c4f2b4b8f7f77ca8426cca,
        type: 3}
      propertyPath: m_SizeDelta.y
      value: 129.61743
      objectReference: {fileID: 0}
    - target: {fileID: 3900108755397112062, guid: d9fa78e8c3c4f2b4b8f7f77ca8426cca,
        type: 3}
      propertyPath: m_AnchoredPosition.x
      value: 206
      objectReference: {fileID: 0}
    - target: {fileID: 3900108755397112062, guid: d9fa78e8c3c4f2b4b8f7f77ca8426cca,
        type: 3}
      propertyPath: m_AnchoredPosition.y
      value: 23.703
      objectReference: {fileID: 0}
    - target: {fileID: 6116449485086562217, guid: d9fa78e8c3c4f2b4b8f7f77ca8426cca,
        type: 3}
      propertyPath: m_text
      value: F.E.F.E
      objectReference: {fileID: 0}
    - target: {fileID: 6116449485086562217, guid: d9fa78e8c3c4f2b4b8f7f77ca8426cca,
        type: 3}
      propertyPath: m_fontSize
      value: 35
      objectReference: {fileID: 0}
    - target: {fileID: 6116449485086562217, guid: d9fa78e8c3c4f2b4b8f7f77ca8426cca,
        type: 3}
      propertyPath: m_fontStyle
      value: 1
      objectReference: {fileID: 0}
    - target: {fileID: 6449887092502888396, guid: d9fa78e8c3c4f2b4b8f7f77ca8426cca,
        type: 3}
      propertyPath: m_Pivot.x
      value: 1
      objectReference: {fileID: 0}
    - target: {fileID: 6449887092502888396, guid: d9fa78e8c3c4f2b4b8f7f77ca8426cca,
        type: 3}
      propertyPath: m_Pivot.y
      value: 0
      objectReference: {fileID: 0}
    - target: {fileID: 6449887092502888396, guid: d9fa78e8c3c4f2b4b8f7f77ca8426cca,
        type: 3}
      propertyPath: m_AnchorMax.x
      value: 1
      objectReference: {fileID: 0}
    - target: {fileID: 6449887092502888396, guid: d9fa78e8c3c4f2b4b8f7f77ca8426cca,
        type: 3}
      propertyPath: m_AnchorMax.y
      value: 0
      objectReference: {fileID: 0}
    - target: {fileID: 6449887092502888396, guid: d9fa78e8c3c4f2b4b8f7f77ca8426cca,
        type: 3}
      propertyPath: m_AnchorMin.x
      value: 1
      objectReference: {fileID: 0}
    - target: {fileID: 6449887092502888396, guid: d9fa78e8c3c4f2b4b8f7f77ca8426cca,
        type: 3}
      propertyPath: m_AnchorMin.y
      value: 0
      objectReference: {fileID: 0}
    - target: {fileID: 6449887092502888396, guid: d9fa78e8c3c4f2b4b8f7f77ca8426cca,
        type: 3}
      propertyPath: m_SizeDelta.x
      value: 180.7278
      objectReference: {fileID: 0}
    - target: {fileID: 6449887092502888396, guid: d9fa78e8c3c4f2b4b8f7f77ca8426cca,
        type: 3}
      propertyPath: m_SizeDelta.y
      value: 50.0839
      objectReference: {fileID: 0}
    - target: {fileID: 6449887092502888396, guid: d9fa78e8c3c4f2b4b8f7f77ca8426cca,
        type: 3}
      propertyPath: m_AnchoredPosition.x
      value: -115.64
      objectReference: {fileID: 0}
    - target: {fileID: 6449887092502888396, guid: d9fa78e8c3c4f2b4b8f7f77ca8426cca,
        type: 3}
      propertyPath: m_AnchoredPosition.y
      value: 387.97
      objectReference: {fileID: 0}
    m_RemovedComponents:
    - {fileID: 4087311164966362533, guid: d9fa78e8c3c4f2b4b8f7f77ca8426cca, type: 3}
    m_RemovedGameObjects: []
    m_AddedGameObjects:
    - targetCorrespondingSourceObject: {fileID: 3900108755395677323, guid: d9fa78e8c3c4f2b4b8f7f77ca8426cca,
        type: 3}
      insertIndex: -1
      addedObject: {fileID: 8749922278046401012}
    - targetCorrespondingSourceObject: {fileID: 3900108755395677323, guid: d9fa78e8c3c4f2b4b8f7f77ca8426cca,
        type: 3}
      insertIndex: -1
      addedObject: {fileID: 8454215582367407824}
    m_AddedComponents:
    - targetCorrespondingSourceObject: {fileID: 3900108755107041016, guid: d9fa78e8c3c4f2b4b8f7f77ca8426cca,
        type: 3}
      insertIndex: -1
      addedObject: {fileID: 343895510459550470}
  m_SourcePrefab: {fileID: 100100000, guid: d9fa78e8c3c4f2b4b8f7f77ca8426cca, type: 3}
--- !u!224 &7116772799637789000 stripped
RectTransform:
  m_CorrespondingSourceObject: {fileID: 3900108755395677323, guid: d9fa78e8c3c4f2b4b8f7f77ca8426cca,
    type: 3}
  m_PrefabInstance: {fileID: 6114800982117488067}
  m_PrefabAsset: {fileID: 0}
--- !u!224 &7116772799707021012 stripped
RectTransform:
  m_CorrespondingSourceObject: {fileID: 3900108755196472087, guid: d9fa78e8c3c4f2b4b8f7f77ca8426cca,
    type: 3}
  m_PrefabInstance: {fileID: 6114800982117488067}
  m_PrefabAsset: {fileID: 0}
--- !u!1 &7116772799927638843 stripped
GameObject:
  m_CorrespondingSourceObject: {fileID: 3900108755107041016, guid: d9fa78e8c3c4f2b4b8f7f77ca8426cca,
    type: 3}
  m_PrefabInstance: {fileID: 6114800982117488067}
  m_PrefabAsset: {fileID: 0}
--- !u!114 &343895510459550470
MonoBehaviour:
  m_ObjectHideFlags: 0
  m_CorrespondingSourceObject: {fileID: 0}
  m_PrefabInstance: {fileID: 0}
  m_PrefabAsset: {fileID: 0}
  m_GameObject: {fileID: 7116772799927638843}
  m_Enabled: 1
  m_EditorHideFlags: 0
  m_Script: {fileID: 11500000, guid: 59f8146938fff824cb5fd77236b75775, type: 3}
  m_Name: 
  m_EditorClassIdentifier: 
  m_Padding:
    m_Left: 0
    m_Right: 0
    m_Top: 0
    m_Bottom: 0
  m_ChildAlignment: 1
  m_Spacing: -90
  m_ChildForceExpandWidth: 1
  m_ChildForceExpandHeight: 1
  m_ChildControlWidth: 1
  m_ChildControlHeight: 0
  m_ChildScaleWidth: 0
  m_ChildScaleHeight: 0
  m_ReverseArrangement: 0
